2677 3370
219 693 221 695 Ι
266 730 606 825 w
638 731 873 779 affectu
909 695 1103 787 atoue
1141 729 1430 787 consilio,
1471 738 1596 787 quo
1632 727 1709 791 ρ.
1744 726 2056 778 Horatius
2096 729 2363 779 Flaccus

669 810 926 846 carmen
958 799 1056 855 ΙΙ,
1093 797 1172 843 u
1205 798 1633 856 composuisse
1667 797 2136 913 videatur-s
2244 843 2246 846 Α

1258 901 1371 937 scapua
1879 912 1965 968 χι

865 987 956 1023 Dr.
996 985 1287 1024 Christian.
1330 984 1579 1024 cuneum.
1612 984 1792 1033 naun,

1109 1054 1305 1097 Gymnasii
1328 1053 1515 1089 Director.
1594 1036 1896 1077 „uma-...-

210 1366 486 1459 Quicunque
527 1397 584 1450 Q.
627 1399 803 1443 Horatii
844 1399 992 1443 Flacci
1032 1403 1268 1444 carminum
1309 1403 1572 1458 interpretes
1622 1409 1666 1443 et
1707 1402 1873 1443 veteris
1917 1405 1961 1443 et
2002 1404 2259 1447 recentioris
2305 1414 2412 1449 tem-

210 1471 353 1521 poris,
394 1469 468 1519 qui
501 1469 548 1508 in
587 1469 777 1508 omnium
813 1468 1015 1510 manibus
1045 1483 1147 1510 esse
1190 1468 1359 1520 solent,
1393 1468 1545 1523 paullo
1588 1470 1834 1510 accuratius
1879 1469 1997 1509 inter
2038 1483 2087 1510 se
2130 1484 2409 1525 comparave-

172 1555 174 1557 ·
210 1536 293 1588 rit,
338 1547 422 1575 non
441 1523 711 1586 poterit'non
740 1535 917 1587 mirari,
960 1535 1248 1587 interpretum
1277 1534 1611 1590 discrepantiam
1641 1547 1727 1576 non
1757 1532 1903 1576 solum
1930 1534 1977 1576 in
2011 1533 2203 1592 singulis
2227 1537 2411 1583 vocibus

212 1601 529 1654 sententiisque
558 1599 862 1656 explicandis,
904 1602 983 1643 sed
1012 1602 1145 1643 etiam
1175 1603 1220 1643 in
1248 1603 1347 1657 ipso
1377 1602 1582 1644 carminis
1611 1602 1810 1656 cujusvis
1855 1610 2110 1657 argumento
2151 1606 2410 1656 exponendo

210 1676 372 1710 tautam
406 1681 533 1720 esse,
570 1675 772 1724 quantam
801 1669 877 1709 vix
912 1669 1139 1724 quisquam
1179 1669 1500 1720 exspectaverit
1536 1669 1582 1709 in
1610 1667 1877 1710 carminibus
1914 1676 2004 1710 tam
2037 1671 2160 1721 parvi
2201 1670 2408 1726 ambitus,

211 1744 256 1777 et
290 1735 523 1776 maximam
555 1743 720 1785 partem
755 1737 843 1775 tam
879 1736 1112 1789 perspicue
1148 1736 1351 1790 scriptis,
1387 1743 1436 1776 ut
1464 1736 1617 1790 cuique
1656 1749 1709 1776 ea
1746 1736 1931 1789 primum
1965 1734 2132 1790 legenti
2161 1750 2247 1779 non
2274 1740 2409 1782 nimis

210 1799 416 1846 difficilia
442 1798 671 1841 intellectu
700 1814 799 1841 esse
831 1801 1070 1842 videantur.
1127 1798 1266 1854 Cujus
1302 1801 1368 1841 rei
1397 1814 1553 1842 causae
1582 1800 1624 1840 si
1651 1809 1943 1855 quaeruntur,
1978 1800 2089 1843 duae
2128 1789 2322 1846 maxime
2349 1806 2406 1848 ad

210 1868 351 1911 omnis
380 1866 555 1926 generis
585 1867 773 1907 carmina
800 1867 1015 1918 pertinere
1044 1865 1269 1920 videntur,
1297 1878 1478 1923 quarum
1504 1863 1644 1907 altera
1672 1866 1759 1907 sita
1786 1874 1854 1908 est
1882 1867 1928 1907 in
1956 1867 2098 1919 ipsius
2126 1873 2313 1923 poeseos
2336 1872 2402 1913 in-

173 1956 187 1965 ·
209 1934 311 1977 dole
332 1947 383 1977 ac
404 1928 573 1984 natura,
594 1946 679 1988 qua
701 1941 828 1984 poeta
849 1933 992 1972 intimi
1014 1934 1203 1983 pectoris
1228 1946 1358 1974 sensa
1373 1932 1446 1973 vel
1462 1934 1616 1973 summi
1630 1933 1797 1988 ingenii
1813 1934 2006 1988 cogitata
2020 1947 2107 1975 non
2132 1943 2219 1976 tam
2240 1939 2403 1988 apertis

206 2000 357 2044 verbis
387 2000 555 2052 dicere,
583 2012 708 2055 quam
737 1997 956 2054 singulari
984 2006 1075 2040 arte
1104 1998 1309 2041 dictionis
1339 1997 1610 2041 sublimioris
1644 1996 1936 2051 pulcherrime
1974 2012 2127 2042 ornare
2164 2010 2291 2055 atque
2320 2002 2403 2048 hoc

209 2071 362 2111 ornatu
391 2067 517 2120 quasi
544 2064 693 2107 velare
723 2063 863 2119 solet,
891 2065 946 2107 de
974 2078 1060 2122 qua
1087 2078 1273 2121 poeseos
1302 2073 1457 2107 natura
1484 2064 1673 2107 conferri
1700 2074 1946 2119 merentur,
1975 2080 2086 2123 quae
2116 2066 2170 2109 G.
2189 2068 2405 2113 Herman-

207 2149 292 2177 nus
320 2134 366 2175 in
398 2131 501 2174 Vol.
531 2130 566 2174 1.
598 2130 921 2188 opusculorum
949 2133 996 2173 iu
1024 2131 1410 2174 dissertationibus
1440 2132 1491 2173 de
1516 2146 1700 2184 poeseos
1718 2130 1957 2189 generibus
1987 2141 2031 2175 et
2059 2133 2115 2175 de
2145 2134 2403 2180 differentia

206 2214 362 2254 prosae
391 2207 435 2241 et
466 2200 663 2253 poeticae
701 2200 911 2240 orationis
940 2212 1058 2240 more
1089 2212 1170 2240 suo
1200 2199 1324 2240 docte
1347 2207 1391 2240 et
1409 2198 1598 2240 dilucide
1621 2200 1849 2251 exposuit3
1878 2198 2017 2240 altera
2040 2208 2187 2242 autem
2205 2204 2403 2246 cernitur

205 2269 254 2309 in
289 2278 464 2317 eorum,
492 2265 569 2321 qui
596 2265 786 2306 carmina
813 2262 887 2305 vel
917 2265 1101 2306 audiunt
1128 2263 1203 2306 vel
1231 2264 1407 2321 legunt,
1437 2264 1613 2306 diversa
1641 2272 1819 2317 natura,
1860 2277 1969 2317 quae
1997 2265 2188 2319 duplicis
2222 2271 2401 2325 generis

208 2342 291 2376 est.
349 2332 461 2374 Sunt
483 2333 625 2383 enim,
654 2333 728 2383 qui
757 2333 899 2374 animo
926 2333 1099 2385 potius,
1137 2346 1263 2388 quam
1289 2340 1433 2374 mente
1462 2340 1615 2387 putent
1643 2332 1907 2388 excipienda
1936 2347 2036 2375 esse
2065 2336 2199 2377 effata
2223 2344 2399 2389 poetae,

208 2406 358 2453 atque,
386 2412 517 2455 quum
536 2396 644 2440 haec
670 2399 862 2440 maxime
888 2400 1075 2451 pectoris
1105 2412 1234 2441 sensa
1263 2399 1368 2452 sint,
1397 2412 1449 2441 ea
1476 2396 1572 2441 solo
1600 2406 1780 2455 pectore
1809 2400 1973 2441 sentire
2004 2408 2048 2441 et
2069 2401 2161 2454 jam
2191 2399 2272 2443 hac
2301 2402 2401 2455 ipsa

209 2465 425 2507 sentiendi
459 2463 670 2507 facultate
694 2462 905 2506 delectari
934 2466 1120 2518 cupiant.
1176 2465 1244 2507 Ad
1275 2464 1356 2507 hos
1392 2466 1578 2517 pertinet
1613 2466 1807 2507 maxima
1839 2464 2072 2506 multitudo
2108 2478 2286 2520 eorum,
2322 2470 2400 2525 qui

205 2533 463 2573 nostratium
483 2540 709 2588 poetarum
736 2532 924 2574 carmina
945 2530 1125 2589 legunt,
1153 2546 1279 2589 quae,
1297 2546 1428 2589 quum
1455 2532 1597 2588 patria
1614 2531 1767 2588 lingua
1788 2532 1952 2586 scripta
1980 2532 2092 2584 sint,
2124 2532 2400 2578 satishabent

204 2597 374 2653 legisse
416 2610 467 2638 ac
508 2599 723 2639 communi
766 2596 1048 2653 intelligendi
1095 2598 1305 2641 facultate
1345 2599 1617 2654 percepisse,
1667 2597 1781 2654 quod
1824 2598 1968 2649 ipsum
2016 2597 2271 2654 intelligere
2320 2614 2398 2657 ap-

202 2662 384 2717 pellant.
442 2660 552 2715 Sed,
590 2665 629 2706 si
663 2664 834 2721 'quando
864 2664 918 2705 de
955 2663 1103 2718 aliqua
1130 2679 1178 2707 re
1208 2664 1439 2722 quidquam
1479 2664 1722 2706 accuratius
1758 2664 2058 2717 quaesiveris,
2102 2662 2235 2707 facile
2274 2666 2400 2711 vide-

202 2729 291 2783 bis,
342 2728 459 2773 lecta
495 2736 539 2770 et
582 2732 724 2773 animo
768 2746 818 2775 ac
858 2739 1003 2773 mente
1039 2736 1267 2788 percepta,
1309 2745 1396 2773 non
1431 2730 1658 2773 intellecta
1696 2744 1798 2773 esse
1850 2731 2053 2772 carmina.
2123 2728 2243 2784 Quin
2286 2734 2398 2777 adeo

201 2809 289 2840 nou
321 2796 502 2846 desunt,
536 2797 609 2848 qui
645 2797 791 2839 dicant
822 2800 942 2851 ipsos
969 2803 1118 2850 poetas
1149 2797 1269 2841 velle
1298 2799 1454 2841 sentiri
1482 2802 1671 2851 tantum,
1715 2810 1803 2839 non
1830 2795 2046 2854 intelligi,
2081 2810 2224 2855 neque
2252 2798 2397 2853 expli-

202 2864 306 2907 cari.
344 2861 433 2905 Sed
460 2860 567 2904 haec
596 2862 798 2905 videntur
825 2866 1025 2922 argutius
1055 2878 1182 2921 quam
1209 2865 1358 2908 verius
1388 2865 1505 2907 dicta
1534 2877 1651 2907 esse.
1708 2861 1821 2907 Nam
1850 2864 2027 2907 etiamsi
2053 2877 2134 2907 nos
2164 2878 2251 2908 non
2276 2873 2397 2908 recte

1836 2931 1862 2977 1
