2677 3370
1284 67 1332 133 [a

180 203 371 245 lustrare
400 204 518 254 potui
550 200 752 258 singula,
792 201 861 242 his
891 202 1007 241 notis
1040 199 1318 260 brevissimis
1350 209 1392 241 et
1422 200 1477 241 ad
1502 199 1624 240 locos
1647 198 1885 251 parallelos
1909 201 2025 241 inter
2044 214 2090 240 se
2116 200 2402 241 conferendos

179 266 470 312 invitantibus
508 268 666 320 optime
706 266 880 309 videtur
918 265 1169 307 consultum
1213 280 1315 308 esse
1367 265 1616 308 scholarum
1659 268 1782 318 usui,
1829 275 1969 308 tamen
2009 265 2211 308 desidero
2251 266 2403 318 multa,

180 344 360 390 qnorum
402 346 531 374 unum
571 331 853 387 significasse
890 331 1078 372 sufficiat
1115 330 1217 383 hoc,
1262 332 1377 383 quod
1413 331 1686 388 singularum
1724 345 1880 373 vocum
1921 330 2274 387 significationes
2317 345 2402 372 non

181 401 290 441 satis
322 400 483 454 pressit
513 398 566 438 ad
597 405 851 452 argumenta
881 410 937 437 ex
972 397 1125 437 iisdem
1156 398 1217 438 ita
1247 396 1488 448 elicienda,
1529 406 1576 436 ut
1607 396 1815 451 prosilire
1848 398 2079 438 videantur
2115 411 2170 438 ex
2205 397 2399 452 singulis

179 463 355 515 verbis,
384 468 428 504 et
456 461 526 505 his
557 473 759 518 tanquam
788 464 920 504 certis
949 463 1241 504 fundamentis
1273 463 1479 503 nitantur.
1535 461 1852 516 Argumentum
1876 464 2019 503 nostri
2047 465 2254 504 carminis
2286 464 2403 502 idem

183 540 274 581 est,
310 529 424 583 quod
454 539 586 579 supra
615 530 842 579 recensui,
880 527 1036 568 latinis
1064 527 1243 579 verbis,
1280 527 1437 583 quibus
1468 541 1586 568 meas
1617 526 1914 568 dubitationes
1944 529 2208 568 interserere
2249 527 2400 578 liceat,

183 594 247 636 sic
277 594 513 634 redditum:
545 592 787 643 „Hora-llus·
812 594 1035 648 qnondam,
1061 606 1181 648 quum
1207 593 1415 634 meliorem
1439 598 1553 634 vitae
1573 606 1675 633 mae
1700 600 1864 648 partem
1883 594 1978 646 jam
2001 593 2209 647 efflagieee
2228 599 2405 649 putaret

183 658 366 716 [quibus
396 658 566 700 tandem
590 658 737 700 verbis
769 658 849 700 hoc
880 658 1026 699 dixit?
1085 657 1195 701 Nam
1236 659 1362 710 inde,
1405 659 1517 715 quod
1557 657 1797 699 exclamat:
1856 658 2035 710 „Eheu!
2081 658 2261 714 fugaces
2298 661 2401 700 anni

182 724 443 765 labantia-W
482 725 671 765 nondum
709 728 818 765 satis
851 733 952 764 tuto
988 724 1287 774 concluditur,
1325 738 1423 765 eum
1458 725 1505 765 id
1544 725 1602 764 de
1639 738 1688 764 se
1726 723 1942 780 dixisse]
1980 728 2221 765 tristissima
2260 729 2402 766 mortis

180 794 364 844 imagine
411 787 627 844 [nescitur
670 790 785 830 unde
829 788 935 829 haec
978 790 1020 829 ei
1056 788 1203 830 oblata
1247 788 1328 845 sit]
1376 797 1460 829 tam
1503 790 1699 844 graviter
1742 798 1982 830 commotus
2018 799 2110 839 est,
2163 799 2210 829 ιη
2260 789 2400 830 locum

184 866 448 895 communem
479 855 536 894 de
565 859 703 893 morte
738 853 939 894 omnibus
977 855 1220 895 imminenti
1261 852 1370 910 [quo
1398 854 1507 895 abiit
1549 853 1705 895 haeres
1752 853 2006 911 profusort]
2049 853 2397 895 vehementissimo

184 920 342 963 doloro
379 933 502 961 reum
528 918 726 974 abreptae
765 919 849 976 [At
878 920 1090 961 Horatius
1121 934 1291 972 semper
1325 920 1411 961 fuit
1439 920 1553 972 apud
1588 934 1660 971 se,
1703 934 1874 974 semper
1913 921 2047 961 animi
2088 934 2259 971 compos
2300 921 2400 971 fuit,

184 997 399 1041 nunquam
430 999 480 1026 se
508 983 649 1036 abripi
669 998 830 1039 passus
849 984 939 1042 est]
967 985 1046 1027 hoc
1075 990 1259 1028 carmine
1287 989 1420 1027 amico
1447 989 1691 1027 mavine'mo
1711 987 1914 1041 (amicum
1944 986 2120 1038 quidem
2149 985 2401 1027 Postumum

186 1051 406 1105 appellat,
436 1050 514 1091 sed
539 1050 691 1091 dubito
710 1052 812 1102 quin
837 1053 1011 1092 omnino
1035 1050 1171 1092 fuerit
1194 1053 1359 1093 amicus
1378 1052 1539 1092 nedum
1560 1053 1878 1103 suavissimus,
1908 1053 2034 1106 cnjus
2060 1051 2184 1092 nulla
2211 1053 2403 1106 vestigia

186 1117 332 1158 video.
378 1116 434 1157 Et
454 1116 665 1171 quom-odo
681 1125 830 1158 auctor
854 1116 933 1158 hoc
950 1116 1204 1159 conciliabit
1230 1132 1326 1159 cum
1347 1127 1449 1159 nota
1471 1118 1522 1158 ad
1550 1117 1775 1171 epitheton
1806 1119 1972 1172 „dign
1987 1120 2098 1158 ἰοιν66
2120 1118 2259 1167 facta,
2289 1118 2402 1167 quod

186 1183 348 1222 dictum
372 1194 472 1221 esse
493 1182 716 1222 contendit
746 1195 847 1222 non
878 1184 996 1223 sine
1027 1181 1216 1223 acerba
1247 1183 1435 1222 ironia.
1495 1180 1610 1222 Num
1633 1182 1711 1222 tali
1738 1184 1877 1223 utitur
1901 1184 2069 1224 amicus
2088 1197 2194 1237 erga
2219 1183 2402 1223 amicum

181 1248 492 1288 suavissimum
502 1247 537 1299 ἒ)
580 1251 785 1301 inscripto
819 1255 1062 1302 exponere!-
1118 1248 1157 1288 A
1186 1247 1314 1288 solitu
1344 1246 1521 1287 Horatii
1544 1246 1761 1287 hilaritate
1792 1250 1867 1300 (cf.
1900 1248 1949 1299 I,
1981 1253 2022 1288 4.
2047 1251 2088 1290 9.
2140 1250 2205 1289 Η.
2270 1247 2331 1297 ll,
2361 1248 2403 1289 3.

185 1314 250 1354 ΙΙ.
309 1310 393 1363 IV,
429 1313 495 1365 12)
527 1321 693 1353 carmen
717 1327 895 1367 prorsus
926 1314 1097 1355 recedit.
1154 1312 1299 1354 Sinone
1339 1318 1406 1354 est
1438 1311 1526 1364 IV,
1575 1314 1617 1355 7.
1680 1311 1818 1368 [Sed,
1846 1314 2205 1368 quemadmodum
2234 1315 2278 1353 in
2303 1313 2403 1366 plu-

184 1378 311 1417 rimis
339 1377 426 1417 sibi
457 1377 699 1429 similibus,
726 1377 1044 1419 dissimilitudo
1075 1380 1214 1433 major
1243 1382 1333 1429 est,
1371 1391 1497 1433 quam
1528 1376 1811 1434 similitudol.

294 1463 393 1518 Ego
428 1477 511 1503 non
553 1478 733 1516 vereor,
773 1478 827 1505 ne
864 1463 1120 1519 objiciatur,
1159 1479 1229 1506 me
1256 1466 1534 1506 recensuisse
1565 1479 1616 1505 ea
1645 1473 1810 1505 tantum
1841 1470 2119 1521 argumenta,
2156 1479 2268 1521 quae
2298 1464 2404 1507 falsi

188 1531 421 1584 quidquam
453 1529 665 1581 babeant,
693 1533 1043 1582 praetermisisse
1073 1547 1122 1572 ac
1152 1533 1385 1572 reticuisse
1415 1546 1489 1583 ea,
1528 1545 1637 1583 quae
1667 1531 1852 1571 forsitan
1886 1531 2230 1583 reprehendendi
2262 1531 2406 1572 locum

188 1610 271 1636 non
303 1596 516 1637 dederint.
573 1596 740 1638 Fassus
771 1611 890 1649 sum,
921 1597 1032 1639 alias
1064 1598 1301 1638 carminum
1331 1597 1545 1638 editiones
1578 1596 1681 1637 milii
1717 1610 1800 1637 non
1832 1599 1880 1637 in
1909 1606 2102 1649 promptu
2131 1597 2292 1644 fuisse3
2326 1598 2403 1638 sed

188 1661 342 1702 dubito
378 1663 482 1717 quin
524 1661 682 1703 melius
713 1663 947 1718 quidquam
975 1664 1019 1704 in
1049 1662 1153 1704 aliis
1175 1664 1440 1705 inveniatur.
1501 1661 1575 1704 illi
1597 1664 1711 1704 enim
1734 1663 1926 1705 editores
1949 1677 2097 1705 omnes
2120 1663 2402 1713 contendunt,

188 1743 236 1768 se
266 1729 426 1778 optima
457 1742 512 1767 ex
548 1729 769 1781 prioribus
800 1728 1099 1780 editionibus,
1134 1731 1267 1769 etiam
1296 1728 1554 1780 Gallorum,
1592 1738 1639 1768 ut
1672 1729 1894 1780 Dacierii,
1924 1729 2170 1780 Sanadoni,
2200 1728 2403 1779 aliorum,

186 1794 230 1835 in
268 1807 374 1835 suos
411 1795 743 1837 commentarios
780 1793 1009 1836 retulisse.
1069 1794 1165 1837 Hoc
1201 1809 1332 1836 unum
1370 1793 1500 1836 doleo
1546 1795 1660 1849 qnod
1710 1794 1816 1835 mihi
1865 1809 2112 1845 comparare
2149 1809 2236 1835 non
2279 1794 2404 1836 licuit

187 1848 333 1899 omnia
362 1858 418 1899 ab
445 1858 727 1909 Eichstadio,
769 1859 1080 1909 Grotefendio,
1112 1858 1316 1900 Jacobsio
1346 1859 1404 1899 de
1430 1858 1613 1898 Horatio
1644 1861 1833 1913 scripta,
1874 1861 1935 1899 ita
1973 1866 2020 1899 ut
2048 1860 2262 1909 nesciam,
2302 1873 2402 1901 num

186 1923 232 1965 hi
262 1923 383 1964 aliud
415 1923 544 1978 quid,
580 1938 705 1975 quam
741 1924 853 1979 quod
882 1925 1105 1974 recensui,
1148 1924 1202 1964 de
1240 1923 1321 1965 boc
1358 1925 1547 1964 carmine
1583 1926 1883 1973 exposuerint.
1946 1924 2197 1965 Diintzerus
2227 1924 2404 1973 (Kre‘ltk

183 1990 269 2032 wad
296 1988 537 2044 Erkliirmag
565 1994 665 2042 etc.)
695 1988 775 2030 hoc
806 1992 971 2030 tantum
999 1990 1375 2040 commemoravit,
1408 1986 1740 2039 Grotesendinm
1777 1990 1979 2029 incusare
2019 1988 2295 2039 Postumum,
2327 1991 2402 2031 sed

186 2055 261 2095 ubi
293 2061 335 2095 et
364 2056 493 2109 cujus
521 2056 584 2094 rei
615 2068 712 2094 eum
750 2056 950 2105 incuset,
989 2068 1074 2095 non
1104 2055 1287 2095 addidit.
1345 2053 1403 2095 At
1431 2055 1614 2094 miratus
1645 2060 1762 2105 sum,
1802 2056 1933 2094 etiam
1961 2053 2074 2095 hunc
2105 2056 2243 2095 virum
2275 2070 2405 2110 saga·

188 2122 411 2162 cissimum
441 2121 487 2160 in
516 2121 758 2160 novissimo
789 2119 947 2160 libello
978 2121 1154 2160 notitiis
1187 2120 1455 2160 doctissimis
1486 2128 1617 2174 atque
1654 2119 1965 2161 subtilissimis
2005 2119 2172 2174 repleto
2203 2119 2404 2172 (Schrift-

187 2184 445 2228 stellera'sclie
473 2184 695 2236 Laufhahn
723 2186 796 2227 des
827 2184 1032 2226 Horatiae
1062 2199 1150 2225 vom
1177 2184 1425 2226 Scknlrathe
1447 2183 1530 2224 Dr.
1556 2183 1608 2224 G.
1630 2182 1708 2225 Fr.
1736 2184 1982 2235 Grateseud.
2012 2184 2244 2226 Hamwver
2268 2189 2405 2239 1849.)

188 2259 488 2306 argumentum
520 2249 651 2305 hujus
682 2252 889 2291 carminis
918 2252 985 2291 sic
1014 2264 1267 2305 exponere,
1297 2259 1341 2290 ut
1371 2251 1484 2304 (pag.
1519 2249 1586 2302 19)
1617 2250 1755 2291 dicat:
1814 2248 1940 2301 „Den
1969 2263 2033 2290 um
2063 2249 2193 2305 Iunge
2226 2250 2406 2293 Debem-

187 2318 320 2358 dcmer
354 2316 574 2369 besorgeeu
607 2316 828 2358 Postumus·
871 2315 1013 2357 melite
1052 2330 1100 2357 er
1134 2316 1235 2357 beim
1269 2313 1601 2356 Jakreswedoeel
1634 2314 1764 2356 durch
1800 2316 1869 2355 die
1908 2313 2183 2370 Erinmmag
2235 2331 2289 2356 me
2323 2318 2404 2357 deu

184 2380 557 2423 mcvermeidliclcen
590 2380 680 2423 Tod
703 2394 792 2423 zum
809 2380 1002 2434 froben
1043 2380 1270 2423 Gemuere
1298 2380 1372 2423 dee
1399 2382 1752 2436 gegenwiirtzgen
1783 2378 1965 2422 Glilckes
1992 2393 2042 2422 zu
2071 2385 2404 2422 ermuutern.“

187 2445 360 2490 Novum
389 2449 434 2487 in
465 2461 518 2488 eo
546 2456 802 2502 argumento
832 2447 913 2488 hoc
942 2457 1036 2499 est,
1072 2447 1184 2499 quod
1216 2445 1272 2486 V.
1303 2446 1359 2487 D.
1390 2448 1554 2496 primus
1588 2445 1727 2486 verba
1762 2447 1988 2502 „fugaces
2020 2445 2225 2487 labuntur
2255 2449 2402 2487 anni“

187 2527 271 2554 non
302 2513 681 2564 praetermittenda
724 2528 825 2554 esse
863 2514 997 2565 vidit,
1052 2512 1129 2555 sed
1163 2510 1316 2554 dubito
1356 2512 1460 2567 quin
1507 2521 1626 2554 recte
1670 2514 1936 2566 conjecerit,
1979 2513 2232 2554 ineuntis
2282 2516 2404 2554 anni

185 2583 356 2630 tempus
384 2578 628 2634 significari
656 2577 755 2620 illis
784 2578 948 2621 verbis.

302 2663 529 2705 Caeterum
560 2666 674 2707 alios
713 2667 834 2707 viros
872 2666 1144 2708 doctissimis
1178 2665 1345 2707 studiis
1379 2665 1433 2706 de
1463 2663 1649 2706 Horatio
1686 2665 1845 2716 optime
1890 2666 2098 2717 meritos,
2135 2662 2405 2721 Bentlejum,

191 2729 505 2779 Kirclmerum,
536 2730 800 2781 lVeberum,
830 2730 1121 2781 Teufl'elium,
1156 2731 1421 2780 Frankium,
1449 2730 1591 2781 alios,
1620 2744 1749 2782 quum
1774 2729 1888 2772 nibil
1915 2731 1969 2771 de
1992 2741 2249 2786 argumento
2273 2732 2404 2788 hujus

187 2797 392 2838 carminis
420 2799 731 2849 exposuerint,
760 2800 805 2839 in
835 2811 972 2838 meam
1000 2811 1092 2839 rem
1120 2796 1328 2838 adhibere
1357 2810 1440 2836 non
1471 2797 1612 2849 potui.
2315 2795 2323 2799 ’

1820 2862 1866 2903 2,.
