2677 3370
1183 91 1462 180 „3⁸4-

210 223 361 275 epulas
393 211 650 276 exspectare
679 231 856 275 possent
885 224 1015 279 atine
1044 232 1197 278 opt-re
1226 222 1311 278 (cf.
1327 221 1420 265 Cie‘.
1438 219 1621 264 deoffi‘c.
1646 219 1682 273 Ι,
1709 223 1740 265 8
1768 219 2024 274 „delectant
2048 220 2278 278 magnifici
2299 234 2436 278 appa-

207 300 328 330 ratus
367 291 569 341 vitaeque
605 288 752 330 cultus
793 303 895 330 eum
930 287 1153 343 elegauti'a
1198 296 1242 330 et
1279 288 1496 344 eopia“)=
1535 289 1639 342 jure
1668 300 1751 330 suo
1793 300 1898 328 eum·
1920 285 2154 330 haeredem
2187 287 2434 343 digniorem

208 353 403 397 habitum
433 369 535 396 esse
564 355 668 395 dicit
700 360 850 408 poeta,
880 353 1145 409 qni'ecivitae,
1175 352 1259 396 hoc
1286 367 1458 408 quoque
1486 352 1691 396 Postumi
1715 351 1985 395 stomachum
2013 361 2232 395 moturum
2261 367 2378 396 esse.

318 418 559 475 Postquam
585 434 637 460 ex
649 421 800 474 posui,
831 418 977 475 qualis
1007 418 1114 461 mihi
1148 420 1353 461 videatur
1376 418 1610 461 Postumus
1635 418 1877 470 descriptus
1902 432 2006 461 esse
2033 420 2080 460 in
2109 421 2234 474 ipso
2254 418 2433 462 Horatii

206 487 419 536 carmine,
451 486 755 526 revertendum
788 485 893 526 mihi
924 500 1023 527 esse
1055 486 1185 527 video
1215 486 1270 527 ad
1301 500 1400 528 eum
1431 485 1574 527 locum
1588 515 1609 537 ,,
1633 484 1710 526 ubi
1739 484 1871 536 dixi,
1892 483 2134 526 nonnuilos
2165 486 2432 540 interpretes

207 552 528 607 disquirentes,
569 564 677 592 num
699 550 758 592 ad
784 550 1034 593 Postumum
1072 551 1429 606 cognoscendum·
1457 551 1653 593 aliund
1664 565 1689 592 e
1727 549 1845 592 lucis
1874 549 2042 602 aliquid
2075 550 2307 603 afferatur,
2332 552 2437 605 jus·

208 618 325 660 sisse
353 629 434 658 nos
459 616 660 658 conferre
683 615 870 671 elegiam
895 617 1115 668 Propertii
1140 615 1233 669 ul,
1257 619 1332 659 12.
1383 614 1507 666 Quae
1528 631 1661 674 quum
1685 631 1710 657 a
1732 625 1888 668 poeta,
1918 618 1993 671 qui
2021 615 2208 656 Horatio
2231 615 2430 671 aequalis

207 681 317 731 fnit,
360 682 414 722 ad
461 683 602 721 virum
639 681 790 722 eodem
829 682 1028 722 Postumi
1066 684 1239 723 nomine
1283 681 1561 737 appellatum
1593 684 1755 733 scripta
1790 683 1879 733 si't,
1924 683 2029 722 inde
2064 679 2261 721 officium
2296 681 2425 723 nobis

213 747 450 797 imponitur
478 747 799 802 investigandi,
836 760 963 798 num,
1001 761 1112 802 quae
1147 746 1231 789 ibi
1261 748 1315 789 de
1346 747 1560 790 Postumo·
1590 747 1868 800 zeferuntm,
1901 748 1965 788 ita
1992 745 2219 787 conciliari
2252 747 2421 800 possint

214 826 309 855 cum
339 813 422 863 iis,
463 826 578 864 qnae·
603 827 660 853 ex
695 812 873 853 Horatii>
898 814 1088 853 carmine
1116 814 1179 854 do
1202 813 1409 855 Postumo
1446 815 1755 870 cognovimus,
1785 822 1832 854 ut
1863 821 2048 865 uterque
2077 816 2205 867 poeta
2233 811 2427 854 eodem

209 875 292 920 illo
332 877 530 920 Postumi
558 879 774 922 nomine
801 879 933 919 etiam
969 880 1189 921 eundem
1225 880 1496 921 hominem-
1519 879 1800 935 significasse
1828 880 2052 921 videatur.
2104 878 2154 920 Id
2185 879 2225 919 si
2255 878 2429 919 demon-

211 944 354 984 sti-ari.
387 945 609 998 potuerit,
647 944 784 984 etiam·
825 957 1001 995 sperare
1036 944 1166 986 nobis
1201 945 1378 997 licebit,
1421 945 1551 986 alter-i
1590 946 1771 985 carmini
1813 943 1869 986 ab
1907 944 2056 985 alter-o⁴
2090 942 2277 984 multum
2312 941 2426 984 lucis

211 1007 398 1049 allatum·
426 1009 500 1050 iri.
557 1007 798 1050 Praeterea
820 1011 1046 1062 superiore
1086 1010 1184 1052 loco
1213 1013 1329 1066 (pag.
1362 1011 1431 1066 16)
1460 1011 1584 1062 dixi,
1621 1010 1731 1052 hanc
1766 1010 2123 1066 disquisitionem
2157 1009 2213 1050 de
2247 1007 2432 1063 Proper·

211 1074 331 1116 tiano
367 1073 575 1117 Postumo
619 1073 675 1116 ab
717 1073 817 1117 illis
852 1076 1165 1129 interpretibus
1206 1077 1398 1119 nondum
1439 1078 1549 1119 satis
1590 1086 1788 1119 accurate
1826 1078 2079 1119 institutam
2116 1073 2226 1117 mihi
2271 1074 2429 1116 videri.

216 1137 351 1188 Quod>
376 1154 463 1196 qno
491 1141 596 1194 jure
630 1140 821 1182 dixerim
834 1171 857 1193 ,.
887 1156 1112 1196 exponere
1150 1143 1349 1184 nondum·
1379 1145 1505 1194 potui⁴
1536 1151 1714 1197 propter
1749 1142 1876 1184 illam
1910 1143 2164 1184 institutam
2200 1141 2431 1190 rationem,

209 1217 320 1256 qua,
356 1218 487 1255 quum
523 1207 732 1261 quemvis*
769 1208 1032 1258 scriptorem<
1070 1208 1277 1259 optimum
1325 1209 1397 1249 sui
1434 1209 1714 1261 interpretem
1755 1222 1856 1249 esse
1892 1208 2192 1257 censuissem,
2243 1206 2428 1257 primum

211 1271 490 1324 investigare·
522 1270 671 1322 volui,
712 1273 925 1325 quomodo
962 1286 1021 1313 ex
1062 1273 1161 1326 ipso
1200 1272 1377 1313 Horatii
1424 1274 1615 1314 carmine
1658 1275 1863 1326 cognosci
1901 1274 2063 1323 possit,
2108 1270 2256 1322 qualis
2297 1270 2431 1310 fuerit

209 1334 456 1376 Postumus.
515 1334 667 1387 ltaque
694 1345 744 1376 ut
771 1336 880 1378 buio·
900 1351 1070 1392 quoque
1111 1336 1261 1379 officio
1291 1329 1586 1389 satisfaciam,
1626 1351 1856 1389 proponam
1887 1338 2074 1392 primum
2102 1337 2175 1387 id,
2211 1334 2326 1390 qnod
2354 1333 2429 1374 illi

209 1402 468 1453 interpretes
498 1401 551 1440 ad
582 1400 690 1441 hanc
720 1416 809 1441 rem
840 1402 1104 1444 attulerunt.

295 1463 510 1517 lanius,
541 1465 617 1507 ubi
648 1467 691 1507 in
722 1469 944 1521 prooemio
974 1468 1029 1509 de
1058 1469 1211 1510 amicis
1234 1467 1409 1510 Horatii
1439 1470 1553 1524 agit,
1585 1467 1689 1510 haec
1720 1468 1904 1523 exponit
1933 1468 1988 1509 de
2020 1466 2300 1517 Postumoz,
2305 1464 2430 1517 ,Pos-

218 1540 379 1572 tun-um
420 1531 571 1582 illum,
608 1533 661 1572 ad
697 1547 822 1587 quem
862 1543 930 1574 est
969 1548 1141 1574 carmen
1178 1534 1614 1586 H,14,Dacerius
1653 1540 1775 1585 putat
1813 1548 1922 1574 esse
1951 1534 2138 1573 eundem
2175 1545 2272 1572 cum
2309 1530 2431 1571 Julio

212 1595 371 1646 Floro,
415 1597 467 1652 ad
504 1612 631 1652 quem
671 1599 782 1639 duae
820 1608 921 1640 sunt
957 1599 1132 1641 Horatii
1162 1599 1382 1655 epistolae
1412 1600 1471 1654 (Ι,
1505 1602 1547 1643 3.
1588 1609 1630 1641 et
1661 1599 1723 1650 ll,
1761 1602 1824 1653 2.)
1854 1608 1903 1640 et
1928 1598 2076 1653 elegia
2105 1598 2320 1649 Propertii
2352 1595 2432 1644 ΙΙΙ,

210 1662 424 1705 128011
460 1663 594 1705 docte
631 1664 825 1705 ostendit
864 1665 1151 1716 Sanadonus,
1196 1679 1332 1721 qnam
1371 1679 1528 1718 parum
1566 1666 1613 1707 id
1651 1670 1777 1707 recte·
1812 1670 2044 1707 statuatur.
2101 1662 2200 1706 Non
2241 1670 2431 1717 oportet,

210 1730 303 1769 nisi
328 1742 581 1783 comparare
612 1731 726 1770 inter
756 1744 806 1771 se
834 1729 1143 1784 characteres,
1174 1740 1220 1773 ut
1250 1745 1490 1788 agnoscas,
1527 1746 1669 1789 neque
1705 1731 1875 1773 Iulium
1905 1730 2110 1781 Florum,
2145 1742 2284 1785 neque
2323 1727 2429 1769 Pro-

211 1797 456 1849 pertianum
488 1795 739 1837 Postumum
770 1811 868 1837 euin
899 1798 1142 1838 Horatiano
1172 1800 1364 1839 eundem¹
1397 1813 1511 1838 esse.
1517 1802 1548 1824 “
1604 1798 1654 1838 ln
1696 1797 1766 1838 his
1807 1811 1958 1837 errore
1990 1797 2176 1851 quodam
2214 1796 2430 1847 scriptum

213 1869 284 1901 est
310 1859 429 1901 il-ind-
455 1865 550 1912 „et
579 1860 725 1917 elegia
755 1860 1022 1913 Propertii.“
1080 1862 1203 1904 Haec
1239 1864 1354 1904 enim
1392 1876 1477 1903 non
1513 1861 1574 1904 ad
1613 1861 1791 1903 lulium
1826 1861 2034 1913 Florum,
2072 1860 2152 1902 sed
2181 1860 2244 1901 ad
2267 1858 2428 1901 Postu-

207 1940 321 1966 mum
354 1928 515 1977 scripta
543 1935 627 1968 est.
687 1927 853 1968 Debuit
882 1930 1021 1983 igitur
1049 1928 1207 1969 scribi:
1237 1937 1315 1979 „et
1345 1943 1441 1970 cum
1472 1928 1708 1979 Postumo,
1746 1928 1799 1968 ad
1829 1941 1956 1979 quem
1986 1929 2148 1979 scripta
2178 1934 2249 1967 est
2277 1925 2427 1981 elegia

210 1991 480 2048 Propertii.“
538 1991 620 2034 Sic
633 1994 856 2047 corrigere
881 1992 1082 2034 voluisse
1100 1992 1216 2034 hunc
1246 1994 1389 2035 locum
1420 1994 1594 2034 videtur
1613 1994 1704 2046 jam
1727 1992 2091 2048 Doeri-ngius,
2120 2005 2217 2033 cum
2241 1991 2433 2033 distinc-

209 2059 298 2099 tius
339 2058 401 2099 fta
439 2057 585 2100 dicat:
653 2058 807 2109 „Quis
842 2058 978 2100 fuerit
1014 2057 1274 2110 Postu-mus,
1312 2061 1390 2101 vix
1432 2060 1566 2101 certis
1604 2061 1875 2114 argumentis
1906 2061 2104 2106 evineas3
2151 2071 2250 2098 nam
2285 2070 2428 2108 neque

208 2122 359 2164 Julius
390 2123 571 2173 Florus,
617 2124 672 2164 ad
703 2138 831 2178 quem
867 2124 985 2164 infra
1013 2125 1125 2165 duae
1155 2124 1375 2176 epistolae
1399 2123 1446 2172 Ι,.
1471 2126 1503 2166 3
1531 2133 1576 2165 et
1615 2124 1680 2175 lt,
1717 2128 1746 2166 2
1781 2126 1967 2176 scriptae
1997 2132 2125 2175 sunt,
2163 2136 2304 2174 neque
2342 2121 2427 2163 ille

210 2189 468 2240 Postumus,
511 2188 564 2230 ad
596 2202 722 2240 quem
751 2189 867 2245 apud
907 2189 1178 2242 Propertium
1208 2189 1298 2242 ΙΙΙ,
1341 2193 1394 2233 12
1423 2189 1569 2245 elegia
1599 2199 1750 2241 extat,
1790 2191 1903 2232 idem
1941 2191 2083 2231 fuisse
2119 2189 2349 2231 videtur.“

320 2253 391 2295 Mi
406 2253 806 2297 tscherlichius
832 2255 941 2296 illud
956 2255 1071 2296 Janii
1090 2269 1145 2296 ex
1174 2264 1496 2308 parte-tautum,
1521 2257 1661 2313 igitur
1680 2256 1950 2309 maman-iu
1972 2268 2101 2297 suum
2122 2261 2427 2311 argumentum

208 2320 446 2362 transtulit.
504 2319 623 2360 Nam*
647 2320 729 2360 ubi
742 2321 957 2361 describit
971 2322 1244 2369 Postumum,
1273 2324 1324 2360 iu
1349 2321 1605 2375 parenthesi
1636 2322 1717 2362 hoc
1737 2323 1889 2362 addit:
1925 2335 2093 2376 „quem
2117 2322 2303 2362 eundem
2329 2332 2426 2358 cum

206 2384 328 2429 Iulio
340 2384 489 2437 Floro,
512 2385 571 2427 ad
588 2400 713 2442 quem
737 2394 806 2429 est
826 2385 970 2441 Epist.
991 2387 1042 2430 3..
1055 2385 1159 2429 libri
1180 2385 1216 2438 l,
1239 2385 1460 2429 statuebat
1476 2385 1719 2440 Decet-ius,
1737 2389 1839 2442 jure
1857 2386 2127 2440 improbante
2146 2386 2426 2428 Sanadono.“

320 2450 471 2500 Quum·
496 2465 601 2492 vero
632 2453 755 2507 ipsas
784 2452 963 2494 Dacerii
996 2462 1044 2493 et
1070 2452 1291 2494 Sanadoni
1321 2453 1376 2494 de
1405 2452 1487 2494 hac
1514 2467 1566 2496 re
1593 2454 1919 2509 disputationes
1948 2451 2240 2510 cognoscendi
2270 2463 2427 2504 oppor-

212 2519 378 2561 tunitas
420 2516 529 2558 mihi
570 2531 654 2557 nou
695 2518 794 2559 data
823 2521 904 2559 sit:
951 2519 1193 2574 dijudicare
1229 2531 1315 2559 uon
1351 2532 1555 2572 possum,
1590 2533 1693 2561 num
1727 2522 1865 2573 justis
1902 2520 2173 2573 argumentis
2217 2530 2327 2558 usus
2365 2518 2427 2557 sit

209 2583 426 2625 Dacerius
455 2582 509 2624 ad
540 2582 655 2624 illud
686 2585 988 2636 statuendum,
1026 2584 1284 2626 Sauadonns
1313 2584 1368 2625 ad
1396 2584 1509 2626 idem
1540 2586 1832 2627 refutandum.
1889 2582 2019 2625 Nihil
2046 2583 2159 2625 mihi
2186 2584 2324 2638 igitur
2353 2596 2426 2624 re·

207 2649 443 2700 linquitur,
472 2649 561 2689 nisi
593 2656 639 2689 ut
669 2657 715 2690 et
741 2655 994 2691 nostrornm
1018 2651 1313 2706 interpretum
1335 2650 1576 2692 sententias
1598 2662 1880 2701 recenseam,
1904 2653 1951 2691 et
1969 2649 2073 2702 quid
2098 2650 2192 2701 ipse
2218 2649 2426 2699 sentium,

207 2714 399 2755 breviter
429 2725 659 2763 exponam.

318 2777 447 2827 Quod
489 2786 633 2819 autom
677 2780 858 2830 primum
900 2780 954 2822 ad
990 2779 1196 2823 Julium
1234 2780 1443 2824 Florum
1481 2781 1667 2831 attinet,
1723 2779 1831 2822 licet
1866 2779 2070 2836 singulae
2114 2794 2190 2824 res
2237 2786 2282 2822 et
2323 2795 2426 2824 sen·

207 2846 371 2890 tentiae
409 2844 453 2885 in
495 2843 590 2885 illis
633 2844 840 2897 epistolis
883 2844 1220 2889 similitudinem
1262 2847 1469 2898 quandam
1509 2844 1669 2886 habere
1708 2846 1937 2887 videantur
1974 2859 2071 2887 cnm
2109 2848 2169 2888 iis
2205 2846 2338 2889 rebus
2381 2854 2429 2886 et
