2677 3370
1271 89 1318 129 11

108 250 112 253 1
179 214 330 263 de‘buit
359 223 506 275 potius
532 221 698 261 diceret
726 226 944 270 „naturae
960 229 1297 260 consentaneum
1318 229 1413 269 est,
1445 229 1492 259 ut
1522 222 1683 260 annis
1713 219 1963 260 celerius
1995 217 2244 259 labentibus
2267 232 2407 258 :nors

180 300 349 339 quoque
369 287 413 327 ci
430 287 505 326 tiu
518 299 539 326 s
555 283 832 341 adveniat“],
849 283 1106 333 ahznhalten,
1124 284 1240 326 keae'ne
1260 283 1474 327 Umchuld
1484 285 1508 335 (
1506 284 1533 325 l
1538 284 1584 335 V,
1600 286 1639 333 7,
1656 286 1743 339 24),
1770 285 1862 326 kesu
1876 284 2132 340 Opto-“eta
2149 281 2410 326 :Arbitrntnr

181 353 319 406 igitur
363 354 597 401 interpres,
648 352 769 391 sine
809 349 970 400 culpa
1011 349 1253 402 (schuldloe)
1293 351 1403 390 idem
1441 365 1541 391 esse
1583 361 1710 401 atque
1741 353 2071 391 innocenter
2112 348 2409 403 (unncandig),

181 417 291 468 quod
315 417 447 470 longe
465 430 593 456 secus
616 425 699 456 est.
744 414 857 456 Tum
881 414 987 455 banc
1006 417 1280 455 innocentiae
1296 417 1515 455 notionem
1547 417 1695 455 inesse
1728 426 1849 468 putat
1880 417 1925 454 in
1942 429 2048 455 voce
2079 417 2171 465 pie
2189 425 2242 455 ta
2260 416 2333 454 tis
2364 428 2407 454 ν.

177 484 222 533 2,
250 483 304 523 ad
336 482 448 536 quod
478 481 861 523 demonstrandum
892 481 1090 521 conferre
1120 495 1200 521 nos
1225 480 1352 534 jubet
1386 479 1465 532 lv,
1495 483 1546 530 7,
1574 483 1653 533 ⁶24,
1685 480 1758 522 ubi
1792 483 1932 532 pietas
1963 479 2056 521 alio
2083 495 2213 522 sensu
2246 490 2291 522 et
2316 478 2405 521 alio

179 561 300 589 nexu
329 545 508 602 legitur.
569 546 635 587 lbi
668 548 780 587 enim
825 548 1129 597 contenditur,
1174 546 1344 587 nullum
1386 548 1573 588 reditum
1606 561 1662 589 ex
1706 549 1863 588 inferis
1905 560 2041 602 posse
2071 559 2208 598 neque
2238 547 2405 599 sperari

180 621 366 668 propter.
397 626 537 668 genus
568 612 739 661 nobile,
768 627 908 668 neque
937 612 1056 652 effici
1091 627 1167 666 per
1200 615 1384 654 virtutes
1414 615 1643 654 facundiae
1674 620 1717 653 et
1748 615 1940 653 virtutis.
2003 612 2127 653 Sicut
2157 615 2292 668 igitur
2322 611 2406 653 illo

180 678 305 730 loco,
344 681 406 720 ita
436 688 481 720 et
510 678 605 730 hic,
648 680 686 721 si
717 681 854 731 pietas
885 679 1037 720 eodem
1069 694 1203 720 sensu
1234 679 1350 720 dicta
1377 690 1519 731 esset,
1556 679 1759 721 concludi
1790 689 1962 731 posset,
2003 690 2174 734 poetam
2209 679 2403 720 voluisse

181 744 363 796 docere,
405 745 609 796 pietatem
651 746 809 786 summi
851 744 1023 799 quidem
1055 747 1183 796 pretii
1215 759 1339 797 esse,
1379 747 1455 787 sed
1489 746 1702 787 neminem
1733 744 1894 786 debere
1933 755 2213 796 exspectare,
2255 755 2298 784 ut
2330 752 2405 786 ant

181 820 362 851 mortem
402 812 567 851 evitare
606 821 678 850 aut
727 825 784 851 ex
824 810 982 850 inferis
1017 812 1161 852 redire
1197 814 1361 866 possit:
1406 827 1620 864 nunquam
1660 822 1802 852 autem
1843 811 2046 852 concludi
2086 817 2252 866 potest,
2291 811 2400 864 quod

180 876 397 927 interpres
444 876 539 916 vult
569 874 794 917 concludi:
840 877 924 927 „si
965 878 1104 928 pietas
1146 887 1326 918 mortem
1363 878 1523 919 tollere
1562 891 1645 918 non
1684 886 1849 929 potest,
1899 876 1981 918 tibi
2027 878 2096 928 pie
2132 878 2404 929 (innocenter

182 948 226 982 et
263 942 357 982 sine
386 940 532 997 culpa)
573 941 809 982 vivendum
845 944 972 994 est,“
1017 942 1096 984 sed
1135 944 1282 998 potius
1316 945 1479 998 justam
1518 943 1698 985 haberet
1729 943 1964 985 Postumus
1985 956 2162 984 causam
2193 941 2274 983 hoc
2302 954 2402 982 con·

181 1006 410 1048 cludendi:
456 1021 586 1061 quum
623 1008 764 1058 pietas
803 1008 916 1048 nihil
945 1010 1087 1059 prosit
1124 1010 1176 1049 ad
1216 1011 1371 1050 mortis
1417 1010 1576 1050 malum
1615 1010 1884 1060 tollendum,
1929 1009 2217 1063 abjiciendam
2257 1008 2404 1062 potius

181 1086 305 1123 quam
352 1072 576 1113 colendam
624 1087 719 1113 eam
762 1087 864 1114 esse
902 1088 1079 1115 censeo.
1141 1071 1291 1122 Quare
1332 1089 1385 1116 ne
1439 1075 1519 1117 hoc
1561 1077 1702 1126 possit
1745 1074 1975 1126 concludi,
2025 1076 2188 1115 rectius
2228 1072 2402 1124 plurimi

180 1139 446 1193 interpretes
477 1139 540 1179 sic
571 1137 819 1193 explicant,
862 1149 904 1179 ut
936 1140 1100 1180 dictum
1131 1154 1231 1181 esse
1267 1149 1439 1194 putent,
1478 1155 1531 1181 ne
1575 1142 1737 1194 pietate
1770 1142 1947 1192 quidem
1986 1139 2078 1193 (ubi
2121 1137 2403 1192 subintelligi

180 1213 345 1254 potest,
387 1207 585 1258 quumvis
634 1204 723 1244 alia
764 1207 956 1246 maxima
991 1207 1213 1246 commoda
1245 1205 1418 1259 habeat)
1456 1220 1585 1257 posse
1622 1216 1798 1246 mortem
1840 1206 1953 1247 tolli.
2031 1206 2119 1246 Sed
2161 1205 2265 1245 haec
2297 1216 2401 1254 quo·

183 1283 265 1320 que
296 1269 540 1324 explicatio
572 1275 660 1311 tum
700 1280 864 1311 tantum
902 1272 1009 1311 ferri
1039 1277 1209 1327 potest,
1253 1274 1292 1313 si
1321 1280 1498 1324 putatur
1537 1271 1659 1312 locus
1699 1274 1938 1312 communis
1977 1272 2133 1312 adesse
2170 1271 2224 1311 de
2264 1278 2403 1310 morte

181 1334 446 1377 inevitabili.

293 1399 379 1443 Ubi
409 1410 553 1456 autem
586 1410 713 1456 poeta
737 1401 891 1457 jubeat
919 1402 1171 1444 Postumum
1213 1404 1305 1444 vita
1344 1402 1546 1444 hilariter
1583 1402 1695 1453 frui,
1735 1401 1986 1445 Diintzerus
2023 1415 2107 1443 non
2138 1401 2287 1452 docet,
2327 1400 2403 1441 sed

183 1467 401 1519 postulat,
435 1476 477 1507 ut
502 1469 541 1508 id
574 1467 806 1509 Postumus
838 1468 1067 1510 concludat
1091 1468 1217 1521 inde,
1246 1468 1357 1521 quod
1390 1483 1504 1510 mors
1534 1466 1660 1510 nobis
1689 1469 1933 1520 iunuineat,
1964 1483 2073 1524 quae
2098 1467 2158 1509 nil
2186 1466 2404 1522 relinquat

183 1536 268 1574 nisi
301 1535 548 1573 memoriam
580 1535 861 1588 gaudiorum,
892 1534 1050 1585 quibus
1081 1535 1204 1575 fruiti
1231 1538 1369 1576 simus
1400 1537 1523 1589 (ergo
1548 1549 1656 1586 quae
1679 1537 1782 1574 item
1805 1537 1970 1585 perdita
1990 1543 2114 1584 sunt,
2147 1535 2207 1573 ita
2239 1543 2284 1571 ut
2306 1532 2404 1572 sola

184 1601 391 1640 memoria
421 1601 595 1652 restet!)
659 1599 791 1650 Vide,
831 1615 956 1655 quam
988 1602 1131 1641 tristis
1161 1600 1265 1642 talis
1297 1610 1417 1641 esset
1449 1603 1678 1651 memoria,
1719 1615 1828 1653 quae
1864 1609 2080 1649 moneret,
2113 1599 2218 1639 haec
2243 1599 2403 1653 gaudia

186 1679 270 1706 non
288 1663 478 1720 amplius
495 1665 677 1717 adesse,
709 1665 784 1706 sed
806 1678 984 1717 prorsus
1001 1667 1251 1707 evanuisse.
1311 1665 1465 1708 Nonne
1487 1667 1623 1721 igitur
1645 1665 1783 1707 multo
1807 1667 2048 1718 sapientius
2067 1665 2227 1706 fuisset
2243 1664 2403 1718 jubere

184 1731 435 1771 Postumum
469 1730 749 1781 concludere,
788 1733 843 1771 iis
876 1741 1039 1771 tantum
1071 1733 1247 1785 gaudiis
1288 1732 1518 1772 fruendum
1549 1746 1671 1782 esse,
1703 1745 1812 1786 quae
1842 1745 1895 1770 ne
1923 1737 2058 1770 morte
2092 1730 2264 1784 quidem
2299 1728 2400 1768 tolli

184 1797 375 1851 possint,
405 1796 481 1837 sed
512 1810 591 1837 nos
622 1804 857 1846 sequautur
887 1797 1017 1837 etiam
1049 1806 1258 1838 mortuos.
1320 1795 1576 1850 Opportuna
1598 1798 1771 1837 occasio
1801 1795 1904 1836 talis
1928 1795 2236 1836 admonitionis
2256 1800 2400 1835 autem

185 1862 283 1902 data
305 1871 421 1912 erat,
453 1862 491 1901 si
511 1860 781 1911 explicasset
804 1860 926 1900 illam
954 1863 1161 1914 pietatem
1193 1863 1277 1911 ita,
1298 1866 1346 1900 ut
1375 1862 1536 1900 dictum
1561 1869 1702 1901 esset:
1742 1863 1883 1914 pietas
1914 1869 2093 1900 mortem
2119 1860 2288 1911 quidem
2314 1872 2397 1899 non

184 1926 325 1977 tollit,
371 1926 447 1967 sed
475 1927 636 1980 gaudia
666 1935 841 1966 aeterna
872 1927 1000 1965 etiam
1035 1928 1147 1980 apud
1180 1927 1345 1966 inferos
1379 1924 1631 1979 praebebit,
1663 1938 1767 1979 ergo
1796 1939 1888 1964 eam
1923 1925 2071 1965 colere
2114 1939 2167 1966 ne
2203 1926 2396 1966 oiuittas.

183 1993 268 2035 Sed
307 1992 498 2045 profecto
539 2000 665 2047 poeta
702 1990 844 2032 noluit
874 1990 954 2033 hoc
994 1991 1166 2043 dicere,
1197 2006 1293 2033 nam
1332 2000 1421 2032 tum
1459 2004 1544 2032 non
1574 1990 1728 2032 debuit
1771 1992 2047 2046 negationem
2087 1999 2260 2032 nectere
2299 2005 2396 2032 cum

183 2061 370 2112 pietate,
411 2058 488 2099 sed
527 2070 622 2099 cum
660 2055 807 2099 verbo.

292 2124 417 2172 Quae
441 2134 664 2175 praeter-ea
685 2126 738 2164 de
769 2126 1084 2164 sententiarum
1114 2138 1236 2164 nexu
1271 2124 1519 2163 Diintzerus
1551 2124 1744 2174 addidit,
1774 2126 2096 2177 praetermitto,
2126 2126 2226 2175 quia
2254 2126 2397 2179 magis

182 2191 235 2233 ad
260 2189 435 2245 singula
457 2191 673 2242 pertinent
697 2199 740 2231 et
761 2191 821 2231 ita
845 2191 968 2244 justo
996 2191 1149 2231 ordine
1180 2196 1346 2240 carent,
1378 2198 1423 2230 ut
1453 2188 1759 2231 difficillimum
1784 2191 1843 2230 sit
1870 2204 1924 2231 ea
1947 2190 2155 2243 deinceps
2175 2191 2398 2244 persequi.

298 2255 574 2298 Liibkerus
612 2255 888 2308 (Commentar
915 2268 966 2297 zu
1000 2254 1148 2297 Hor-az
1186 2255 1300 2298 Oden
1334 2253 1361 2295 I
1384 2280 1436 2286 —
1465 2253 1561 2294 ΙΙΙ.
1598 2253 1830 2310 Schlerm'g
1863 2256 1984 2308 1841)
2016 2253 2097 2297 hoc
2127 2269 2322 2308 carmen,
2355 2261 2403 2297 ut

183 2322 322 2364 multa
349 2322 462 2372 alia,
497 2336 580 2362 non
611 2322 872 2372 explicavit3
917 2336 1072 2362 causas
1103 2336 1179 2362 cur
1208 2321 1314 2361 haec
1345 2320 1570 2371 explicare
1599 2323 1798 2360 omiserit
1827 2334 2037 2371 nusquam
2070 2324 2291 2372 exposuit.

297 2387 503 2439 Orelli,
542 2389 668 2441 cujus
699 2386 804 2428 mihi
848 2387 1018 2442 quidem
1052 2388 1285 2428 editionem
1324 2388 1532 2427 minorem
1562 2394 1728 2426 tantum
1767 2386 2033 2439 (secundam,
2072 2386 2236 2427 Turici.
2272 2387 2398 2438 ¹843)

183 2453 311 2494 licuit
340 2451 592 2501 consulere,
632 2451 712 2493 hoc
741 2458 1040 2508 argumentum
1072 2452 1317 2507 proposuit:
1356 2450 1642 2502 „Postumum
1674 2451 1725 2492 ad
1759 2450 1999 2506 abigendas
2031 2452 2187 2491 nimias
2228 2450 2398 2493 sollici·

184 2520 359 2558 tudines
389 2528 519 2573 atque
548 2519 602 2559 ad
634 2520 870 2569 sapientem
905 2521 1020 2559 vitae
1051 2532 1175 2558 usum
1206 2516 1473 2558 adhortatur.
1529 2516 1707 2557 Similis
1746 2518 1989 2571 argumenti
2028 2525 2130 2556 sunt
2161 2516 2246 2557 od.
2277 2515 2340 2567 ΙΙ,
2369 2518 2400 2560 3

182 2592 229 2624 et
263 2585 326 2623 11.
385 2582 470 2625 od.
501 2583 583 2635 IV,
621 2586 663 2626 7.
693 2589 773 2625 cet.
835 2584 1000 2625 Verum
1032 2599 1057 2624 a
1087 2583 1308 2624 similibus
1339 2597 1390 2623 eo
1420 2583 1693 2633 potissimum
1724 2582 1903 2622 differre
1935 2581 2015 2623 hoc
2045 2583 2239 2631 videtur,
2278 2584 2397 2638 quod

185 2649 380 2691 tristiore
410 2662 505 2690 cum
535 2651 804 2705 aegrimonia
841 2659 885 2690 et
921 2652 1072 2691 nescio
1109 2663 1194 2705 quo
1233 2662 1429 2689 moerore
1464 2646 1536 2689 hic
1572 2650 1825 2688 immoratur
1864 2648 1909 2688 in
1948 2648 2231 2702 recogitanda
2262 2649 2397 2691 nimia

182 2718 299 2755 vitae
324 2712 538 2754 brevitate
560 2723 603 2756 et
630 2716 768 2770 μύθων
798 2717 1119 2771 imaginumque
1158 2713 1333 2755 cumulo
1370 2722 1497 2765 atque
1532 2720 1742 2768 congestu
1782 2714 1908 2768 quasi
1940 2712 2231 2755 delectatur-5⁴
2294 2714 2397 2757 Pro·

180 2781 295 2822 fecto
328 2780 476 2820 mirari
514 2779 642 2833 licet,
679 2785 811 2823 etiam
849 2781 962 2823 hunc
994 2784 1135 2823 virum
1173 2782 1505 2835 sagacissimum
1543 2793 1694 2833 parum
1724 2789 1924 2820 accurate
1954 2778 2074 2831 loqui
2102 2780 2160 2821 de
2192 2780 2396 2822 adhorta-

178 2848 327 2897 tione,
357 2847 484 2899 cujus
516 2858 568 2886 ne
600 2848 778 2888 minima
817 2847 990 2904 quidem
1029 2860 1167 2898 neque
1206 2847 1250 2887 in
1293 2844 1426 2887 verbo
1468 2843 1615 2897 aliquo
1655 2858 1794 2896 neque
1836 2846 1881 2886 iu
1930 2846 2167 2888 sententiis
2207 2848 2397 2901 vestigia
