2677 3370
1206 124 1210 125 ⁷
1275 73 1329 119 fil

190 197 361 251 carmen
391 182 709 263 composuerit,
753 203 894 247 fuisse
925 204 1179 256 irridentis,
1224 204 1478 248 cavillantia
1509 205 1880 258 acerbissimaque
1910 223 2007 249 cum
2044 211 2183 251 ironia
2207 213 2412 265 jocantis.

188 272 349 317 Omnia
377 274 516 330 igitur
543 275 791 331 comparat·
814 279 923 313 sunt
960 271 1013 312 ad
1046 270 1300 312 Postumum
1328 269 1614 326 turbandum,
1659 273 1932 327 vexandum,
1977 273 2278 330 cruciandum,
2321 283 2412 321 tor-

183 334 429 410 «pendium
467 340 665 393 risuique
697 345 740 378 ct
770 331 1004 377 contemtui
1036 338 1228 377 omnium
1258 339 1578 391 exponendum.
1635 338 1781 390 ltaque
1813 340 2055 380 consiliu
2075 356 2142 392 m,
2173 356 2259 394 quo
2288 354 2414 394 poeta

174 401 431 457 postposuit
458 415 651 455 carmen,
694 401 865 444 nullum
896 401 1016 442 aliud
1046 411 1114 443 est
1144 415 1269 454 quam
1300 410 1348 442 ut
1376 403 1660 455 ostendat,
1696 406 1968 459 quomodo
2006 405 2251 449 Postumi
2281 409 2411 451 mali

187 483 246 513 ac
271 472 524 524 perversi
554 482 733 511 mores
765 469 1035 522 castigari
1066 476 1385 509 mereantur.

295 534 510 584 Quamvis
558 535 675 575 enim
717 538 846 587 poeta
891 533 1144 573 Postumum
1187 535 1232 573 in
1275 534 1465 573 carmine
1504 535 1603 589 ipso
1641 534 1914 591 alloquatur,
1955 540 2099 577 tamen
2139 551 2224 579 non
2268 542 2409 583 credi-

184 599 278 645 bile
306 605 401 654 est,
444 599 535 643 tale
564 613 734 642 carmen
765 614 790 641 a
818 608 948 655 poeta
976 600 1074 653 ipso
1105 598 1160 641 ad
1190 597 1444 641 Postumum
1484 601 1708 644 missum
1747 616 1863 643 esse.
1934 602 2067 644 Haud
2110 603 2240 646 dubie
2277 616 2408 660 poeta

187 667 343 709 muicis
373 667 468 709 suis
505 678 678 708 carmen
708 666 912 707 recitavit
939 668 1141 717 tanquam
1170 663 1283 717 tale,
1313 663 1442 721 quale
1471 664 1619 722 fingi
1647 668 1794 721 possit
1822 666 2031 710 Postumo
2073 667 2189 711 diem
2218 671 2407 717 natalem

190 731 435 774 celebranti
463 741 764 784 cantatum,
795 732 873 773 sed
903 730 976 771 illi
1007 731 1194 773 consilio
1223 733 1288 773 ita
1315 739 1529 812 aptatum,
1568 740 1617 773 ut
1646 733 1701 774 de
1729 735 1920 775 carmine
1948 747 2026 787 per
2054 736 2218 779 amicos
2261 738 2406 782 divul-

184 802 287 854 gato
317 799 450 840 etiam
487 798 723 840 Postumus
753 798 913 839 certior
942 796 1084 839 fieret.

300 863 351 906 In
395 864 478 906 hoc
517 872 664 905 autem
703 863 900 904 Postumi
938 864 1183 918 castigandi
1223 862 1414 906 consilio
1451 865 1645 905 cernitur
1692 866 1875 907 unitas
1922 866 2050 908 ideae
2092 881 2286 910 summae
2329 870 2404 913 vel

183 931 326 983 ipsum
366 930 547 973 thema
585 931 817 981 carminis,
861 930 931 971 cui
970 944 1118 974 omnes
1158 929 1362 985 singulae
1398 932 1595 972 universi
1634 932 1841 973 carminis
1880 940 1922 974 et
1969 947 2041 975 res
2080 942 2123 974 et
2160 938 2403 979 sententiae

181 1010 277 1037 cum
318 996 663 1038 elocutionis
702 996 854 1036 formis
893 995 969 1036 illi
1003 997 1138 1037 animi
1175 997 1356 1039 affectui
1395 996 1728 1038 accommodatis
1773 999 1837 1038 ita
1866 997 2160 1053 subjectae
2190 1009 2317 1054 sunt,
2357 1010 2406 1044 ut

181 1062 306 1103 nulla
336 1077 421 1102 non
452 1062 652 1103 subsumi
681 1063 836 1112 possit.

293 1125 434 1176 Quam
463 1134 560 1179 apte
591 1136 720 1181 poeta
748 1125 821 1167 illi
851 1139 932 1168 suo
962 1125 1150 1167 consilio
1180 1134 1224 1167 et
1252 1127 1387 1167 animi
1417 1127 1593 1168 affectui
1622 1127 1712 1180 jam
1743 1128 1970 1170 initium
2001 1131 2207 1172 carminis
2237 1145 2403 1175 accom-

179 1193 393 1234 modavit!
454 1190 597 1241 Quum
629 1194 744 1233 enim
774 1194 874 1233 anni
904 1192 1104 1233 labentes
1135 1191 1416 1247 appellentur
1445 1192 1692 1247 fugaces,
1729 1192 1929 1235 concludi
1961 1195 2061 1237 inde
2089 1200 2257 1252 potest,
2289 1196 2403 1242 hunc

180 1259 293 1300 diem
332 1258 522 1300 natalem
566 1258 681 1299 haud
722 1257 853 1299 dubie
883 1273 981 1299 eum
1020 1259 1181 1308 fuisse,
1217 1259 1315 1313 qui,
1357 1273 1418 1299 ex
1449 1272 1533 1314 quo
1565 1266 1759 1313 tempore
1796 1259 2030 1301 Postumus
2067 1277 2192 1303 sacra
2220 1263 2401 1306 Plutoni

178 1325 224 1366 in
254 1324 382 1367 illum
411 1339 539 1367 usum
568 1326 728 1367 offerre
758 1333 977 1377 coeperat,
1015 1326 1153 1376 prima
1190 1325 1285 1366 vice
1315 1324 1460 1366 rediit.
1517 1323 1612 1366 Jam
1650 1339 1754 1366 vero
1799 1340 1928 1380 quum
1962 1325 2031 1368 hic
2067 1327 2163 1369 dies
2194 1328 2401 1372 Postumo

178 1404 311 1431 avaro
333 1405 383 1431 ac
405 1404 534 1446 parco
558 1395 734 1444 propter
764 1399 963 1445 sumptus
990 1392 1080 1444 jam
1111 1392 1269 1430 iterum
1299 1390 1522 1431 faciendos
1555 1392 1878 1441 exspectatione
1898 1393 2030 1432 citius
2053 1393 2243 1434 rediisse
2274 1395 2400 1437 visus

179 1465 319 1508 esset,
364 1461 408 1497 et
436 1457 489 1497 de
525 1455 605 1496 hac
636 1470 683 1496 re
714 1457 811 1510 ipse
838 1457 1025 1497 forsitan
1055 1460 1235 1507 questus
1266 1466 1409 1507 esset,
1454 1464 1583 1510 poeta
1612 1454 1899 1497 exclamando
1930 1456 2046 1498 illud
2089 1457 2317 1509 „Eheu!“
2350 1475 2398 1502 se

177 1522 349 1577 quidem
367 1524 494 1578 quasi
517 1523 683 1563 socium
714 1521 882 1562 doloris
914 1526 958 1562 et
986 1523 1281 1573 querimoniae
1311 1521 1438 1573 facit,
1469 1522 1545 1562 sed
1576 1523 1722 1562 statim
1752 1524 1934 1576 corrigit
1971 1537 2185 1564 causam
2215 1539 2400 1576 conque-

176 1587 316 1637 rendi,
339 1589 435 1640 ejus
460 1586 668 1628 stolidam
690 1588 1048 1640 superstitionem
1075 1595 1117 1626 et
1142 1600 1261 1637 spem
1283 1594 1446 1626 temere
1467 1595 1732 1640 conceptam,
1756 1588 1821 1626 uti
1845 1586 2108 1638 merebatur,
2131 1590 2399 1639 vituperans.

175 1651 244 1693 Ad
263 1666 389 1704 quam
410 1666 500 1693 rem
525 1652 761 1693 docendam
786 1653 923 1692 utitur
953 1650 1203 1706 anadiplosi
1232 1652 1444 1703 nominis,
1475 1664 1559 1702 qua
1590 1651 1809 1706 singulari
1839 1651 2102 1693 elocutionis
2132 1653 2271 1695 forma
2299 1669 2401 1710 gra·

175 1719 292 1758 viter
321 1731 497 1758 monere
528 1717 695 1768 studet,
734 1718 972 1758 verendum
1009 1731 1131 1767 esse,
1174 1730 1229 1757 ne
1258 1716 1493 1757 Postumus
1529 1724 1691 1757 temere
1723 1717 2004 1770 judicaverit.
2065 1716 2245 1772 Cogites
2282 1723 2399 1763 enim

171 1781 279 1835 tibi,
311 1792 481 1838 poetam
511 1783 652 1838 digito
683 1782 827 1822 indice
857 1784 982 1837 quasi
1007 1783 1221 1823 monitore
1251 1789 1397 1822 erecto
1426 1782 1654 1832 repetitum
1683 1795 1837 1823 nomen
1867 1784 2175 1837 pronuntiasse
2197 1798 2251 1825 eo
2275 1789 2399 1830 vocis

176 1862 307 1901 sono,
351 1863 436 1905 quo
479 1848 603 1889 aliud
640 1848 742 1899 quid
781 1848 940 1888 factum
979 1862 1103 1898 esse,
1148 1860 1275 1902 quam
1319 1847 1432 1898 quod
1472 1849 1830 1901 exspectaveris,
1879 1847 2135 1901 significare
2185 1849 2397 1905 solemus,

175 1915 360 1970 ideoque
411 1915 607 1956 dixisse:
679 1913 900 1954 Postume!
952 1912 1177 1953 Postume!
1231 1914 1387 1963 timeo,
1428 1926 1483 1953 ne
1530 1920 1572 1952 te
1619 1911 1853 1953 fefelleris.
1913 1911 2030 1961 Quid
2074 1916 2200 1956 enim-
2233 1918 2395 1959 audio‘}

177 1979 338 2033 Citius,
367 1994 492 2033 quam
527 1981 821 2032 exspectasti,
851 1979 983 2020 rediit
1013 1977 1094 2019 tibi
1125 1978 1220 2019 dies
1249 1976 1432 2019 natalis!
1490 1976 1604 2018 Proh
1635 1976 1779 2018 dolor!
1821 1976 1961 2027 Quam
1992 1979 2128 2022 celeri
2157 1981 2263 2037 suga
2292 1986 2398 2026 anni

175 2049 333 2088 aetatis
365 2056 466 2087 tuae
495 2046 721 2087 labuntur!
781 2044 871 2092 Qui
908 2058 993 2099 quo
1034 2045 1166 2084 citius
1206 2043 1404 2097 fugiunt,
1441 2056 1493 2084 eo
1535 2044 1667 2084 citius
1698 2051 1741 2083 te
1773 2044 1987 2085 adducent
2022 2045 2076 2085 ad
2114 2055 2396 2090 senectutem.

174 2111 327 2169 ltaque
356 2120 520 2154 temere
549 2119 593 2152 te
622 2109 822 2166 aliosque
852 2109 995 2162 celas,
1025 2109 1137 2162 quod
1168 2109 1336 2150 diutius
1367 2106 1513 2150 celare
1540 2120 1629 2149 non·
1657 2111 1849 2164 poteris,
1884 2113 1928 2151 te
1959 2124 2139 2152 senem
2169 2111 2284 2155 fieri.

285 2177 656 2227 Quemadmodum
686 2178 824 2231 igitur
852 2185 980 2227 poeta
1008 2177 1053 2216 in
1083 2176 1273 2216 carmine
1303 2173 1382 2226 IV,
1416 2175 1490 2224 13,
1519 2176 1549 2215 2
1577 2175 1630 2215 ad
1658 2175 1807 2228 Lycen
1837 2174 2009 2217 scribit:
2054 2176 2172 2228 „Fis
2195 2191 2324 2231 anus,
2356 2189 2400 2222 et

173 2250 317 2286 tamen
347 2245 417 2285 vis
446 2244 646 2284 formosa'
669 2243 843 2282 videri“
875 2250 974 2292 etc.,
1006 2241 1071 2281 sic
1100 2239 1183 2281 hoc
1212 2241 1402 2281 carmine
1432 2238 1641 2280 Postumo
1672 2241 1798 2282 dicit:
1840 2240 1949 2292 „Fis
1980 2255 2148 2293 senex,
2181 2251 2227 2284 et
2255 2252 2399 2288 tamen

175 2312 245 2353 vis
275 2309 358 2352 tibi
388 2314 432 2352 et
461 2308 565 2351 aliis
595 2308 785 2349 nondum
814 2307 1091 2363 provectiore
1121 2313 1263 2347 aetate
1293 2320 1394 2347 esse
1424 2306 1591 2358 videri,
1636 2307 1913 2358 opinarisque
1949 2306 2082 2364 longe
2125 2322 2150 2350 a
2184 2314 2230 2350 te
2258 2310 2398 2353 adhuc

175 2386 384 2419 remotam
413 2390 513 2418 esse
553 2383 844 2425 senectutem,
887 2387 936 2414 ac
973 2386 1198 2427 perperam
1236 2372 1387 2413 studes
1424 2370 1558 2413 hilari
1592 2373 1656 2424 pii
1693 2372 1882 2414 hominis
1912 2373 2057 2416 fronte
2085 2388 2232 2416 omnes
2261 2388 2396 2430 rugan

178 2442 419 2485 senectutis
449 2442 639 2482 retinere
669 2438 741 2480 vel
773 2438 929 2480 saltem
959 2438 1155 2480 celare-‚⁴⁶

270 2506 400 2549 'Tum
430 2505 506 2548 ubi
533 2514 661 2559 poeta
689 2505 795 2546 dicit
826 2519 920 2556 „ne
951 2505 992 2545 si
1021 2504 1226 2545 treceni“
1263 2510 1371 2554 etc.,
1405 2501 1671 2545 sacrificium
1699 2511 1928 2558 propterea
1955 2503 2209 2558 ὑπερβολικῶς
2235 2507 2395 2560 majus,

176 2586 302 2627 quam
331 2572 446 2629 quod
472 2584 657 2628 unquam
675 2585 699 2612 a
720 2584 826 2613 sano
858 2569 1031 2611 homine
1062 2569 1214 2611 offerri
1243 2570 1410 2624 possit,
1440 2568 1675 2620 describit,
1705 2570 1805 2620 quia
1833 2569 1978 2621 ipsum
2007 2581 2094 2609 non
2125 2569 2257 2622 latet,
2289 2571 2398 2614 Pos-

177 2649 345 2681 tumum
386 2651 566 2679 avarum
608 2651 658 2679 ac
692 2650 869 2690 parcum
915 2636 1047 2677 modo
1083 2635 1233 2675 audito
1273 2633 1355 2676 hoc
1396 2647 1576 2675 numero
1622 2642 1893 2675 trecenorum
1937 2641 2161 2676 taurorum
2198 2637 2401 2692 quotidie

173 2704 541 2759 'immolandorum
565 2702 686 2745 haud
715 2703 849 2745 dubie
878 2704 941 2744 ita
970 2700 1275 2743 conturbatum
1304 2702 1388 2753 iri,
1419 2708 1465 2741 ut
1494 2701 1592 2754 ejus
1623 2708 1763 2740 terror
1791 2701 1905 2741 risui
1923 2714 2022 2742 esse
2046 2702 2204 2755 possit.
2263 2702 2401 2760 Prop-

176 2776 298 2813 terea
327 2773 459 2812 etiam
488 2768 735 2821 Geryonem
765 2769 940 2811 videtur
968 2767 1268 2822 appellavisse
1296 2775 1382 2808 ter
1409 2764 1658 2817 amplum,
1687 2767 1818 2821 quasi
1845 2768 2168 2820 comparatione
2194 2769 2402 2812 institut·

174 2851 271 2880 cum
300 2835 529 2887 Postumo,
566 2847 692 2886 quem
722 2835 820 2877 sine
850 2832 984 2876 dubio
1016 2834 1126 2875 satis
1156 2831 1383 2876 robustum
1412 2832 1555 2874 fuisse
1586 2845 1721 2887 supra
1751 2832 1965 2873 diximus.
2023 2830 2161 2875 Poeta
2190 2837 2306 2878 enim
2335 2838 2399 2878 cic

1811 2897 1861 2941 3,
