2677 3370
1325 35 1383 75 28

219 183 305 216 tam
338 170 507 214 similia
536 169 663 222 sint,
699 171 749 210 ut
775 179 903 209 nemo
934 164 1126 208 dubitari
1156 166 1321 218 possit,
1351 167 1457 222 quin
1485 165 1603 209 idem
1632 165 1762 209 homo
1792 168 1839 209 in
1869 174 2050 220 utraque
2079 165 2231 211 tabula
2260 168 2463 224 depictus

221 241 309 289 sit,
340 238 421 279 sed
453 243 499 276 ut
537 235 827 277 diversitates
857 235 901 273 in
932 232 1100 282 fronte,
1131 231 1357 274 oculorum
1388 231 1567 285 obtutu,
1597 234 1687 274 oris
1717 242 1762 274 et
1792 231 1942 275 vultus
1974 232 2127 276 habitu
2155 240 2284 290 atque
2313 231 2462 275 colore

225 317 473 359 expressae
502 309 652 352 aperte
691 299 902 348 doceant,
940 311 1026 351 qua
1053 295 1145 337 alia
1174 297 1288 338 facie
1319 298 1437 338 idem
1470 297 1596 339 homo
1627 299 1761 340 fuerit
1791 297 1882 340 alio
1902 299 2119 353 ‘tempore-

340 367 436 417 Qua
467 364 644 422 quidem
674 363 838 405 carmin
850 375 920 403 um
950 363 1276 417 comparatione
1305 375 1400 403 cum
1431 364 1617 416 picturis
1654 363 1772 404 facta
1805 362 1993 405 deducor
2023 364 2078 405 ad
2107 363 2152 404 id
2190 376 2359 419 quoque
2397 365 2464 405 in-

227 434 514 488 quirendum,
547 443 648 471 num
677 428 727 469 hi
757 430 951 482 pictores
983 442 1079 468 sua
1112 432 1327 480 sponte,
1357 440 1412 466 an
1444 426 1534 467 alio
1564 426 1637 467 vel
1667 430 1884 469 monitore
1915 428 1987 468 vel
2008 430 2209 482 cupiente
2231 430 2465 482 imaginem

229 500 435 554 pinxisse
473 496 720 538 videantur.
778 491 872 534 Nec
909 490 1016 534 mihi
1056 490 1286 546 displicet,
1328 492 1366 532 si
1406 493 1503 548 quis
1542 506 1599 533 ex
1644 505 1696 533 ea
1735 491 1888 535 indole
1927 491 2098 549 elegiae
2135 491 2462 548 Propertianae‚

227 579 308 617 qua
337 564 533 603 maxime
564 559 723 602 Aeliae
766 557 927 598 Gallae
958 556 1310 608 sollicitudines,
1349 570 1503 609 curae,
1544 558 1791 608 desideria,
1828 558 1938 599 fides
1970 559 2155 610 denique
2192 560 2311 599 omni
2339 572 2461 599 asse·

227 631 459 670 vetatione
490 627 697 667 Postumo
728 623 950 664 affirmata
979 635 1192 676 expressa
1222 631 1346 672 sunt,
1384 624 1606 675 conjicere
1638 622 1774 673 velit,
1811 622 2086 676 Propertium
2123 622 2310 686 elegiam
2341 636 2463 664 suam

230 694 558 746 composuisse,
590 699 635 732 ut
665 690 799 731 uxori
829 688 873 729 id
905 687 1094 738 cupienti
1126 685 1473 741 gratificaretur,
1504 687 1636 743 idque
1666 702 1717 729 eo
1738 686 1943 738 consilio,
1975 696 2020 729 ut
2044 680 2277 730 Postumus
2303 688 2462 730 fortius

218 766 563 816 permoveretur
594 756 647 797 ad
679 755 881 796 reditum.
942 752 1016 794 Sic
1052 752 1234 794 ferimur
1270 761 1312 793 et
1357 753 1411 793 ad
1448 766 1670 794 causam
1715 754 1842 808 quasi
1889 754 2111 807 primam
2153 762 2282 806 atque
2328 754 2461 794 etiam

224 828 369 880 magis
395 831 628 873 remotam,
659 833 783 876 quam
809 832 918 870 quae
941 819 1112 860 occasio
1136 826 1228 869 est,
1260 822 1303 858 et
1330 818 1386 859 ad
1418 826 1666 860 extremum
1692 828 1845 870 poetae
1867 817 2125 870 consilium,
2155 819 2270 860 unde
2293 819 2463 860 tandem

227 890 360 932 simul
387 888 624 931 dilucidius
647 885 949 959 cognoscitur,
979 897 1056 924 cur
1083 882 1153 923 hic
1179 891 1309 937 poeta
1330 881 1512 924 mollius
1534 892 1578 923 et
1602 883 1799 926 flebilius
1825 897 1963 940 genus
1987 882 2231 939 elegiacum
2256 883 2459 939 elegerit.

340 956 411 996 Ex
443 952 594 994 indole
631 959 775 991 autem
815 949 1018 989 carminis
1049 947 1310 999 Horatiani,
1351 950 1423 988 cui
1459 950 1640 1002 gravius
1679 954 1810 1003 atque
1846 948 2049 989 acerbius
2086 962 2225 1025 genus
2257 948 2460 1001 lyricum,

227 1036 312 1077 quo
350 1027 481 1074 poeta
517 1031 625 1058 usus
664 1023 755 1065 est,
791 1015 985 1054 maxime
1023 1012 1199 1053 videtur
1227 1013 1620 1063 accommodatum,
1663 1014 1971 1066 conjiciemus,
2011 1012 2065 1054 ab
2095 1014 2151 1055 iis
2182 1014 2357 1065 amicis,
2380 1017 2462 1069 qui

227 1099 361 1141 aegre
391 1081 589 1125 ferebant
619 1092 762 1122 mores
793 1091 1028 1133 perversos
1049 1076 1247 1118 Postumi
1276 1090 1362 1119 non
1393 1077 1537 1120 solum
1568 1077 1689 1119 avari
1720 1090 1770 1118 ac
1800 1078 1992 1130 sordidi,
2022 1078 2101 1120 sed
2126 1079 2256 1119 etiam
2279 1082 2460 1122 summis

227 1165 277 1192 ac
314 1147 527 1191 divitibus
564 1148 675 1187 viris
715 1145 1005 1195 importunius
1043 1156 1093 1182 ac
1127 1142 1359 1183 molestius
1398 1157 1447 1184 se
1485 1144 1739 1193 oflerentis,
1784 1145 2027 1183 excitatum
2056 1145 2165 1198 'esse
2201 1148 2368 1194 poetam
2405 1145 2460 1184 ad

224 1217 476 1257 Postumum
521 1212 620 1253 ideo
663 1208 992 1264 castigandum,
1048 1216 1095 1248 ut
1139 1206 1439 1264 intelligeret,
1489 1223 1590 1250 suas
1634 1206 1940 1250 simulationes
1985 1222 2034 1248 ac
2083 1208 2459 1251 dissimulationes

226 1281 413 1321 caeteris
444 1278 556 1318 satis
587 1276 788 1329 cognitas
820 1287 935 1314 esse.

338 1343 481 1393 Atque
511 1341 582 1381 hic
612 1339 786 1380 tandem
816 1336 939 1378 locus
971 1344 1057 1385 est,
1088 1335 1160 1378 ubi
1192 1336 1325 1378 facile
1355 1338 1612 1388 concedam,
1642 1337 1874 1378 Horatium
1897 1345 2014 1378 certe
2039 1351 2095 1378 ex
2130 1345 2242 1379 toto
2271 1341 2459 1380 carmine

225 1423 330 1452 vere
362 1406 441 1448 hoe
472 1402 816 1447 concludendum
847 1401 1084 1453 reliquisse
1122 1400 1355 1454 Postumo,
1396 1401 1467 1443 vel
1500 1403 1649 1457 potius
1687 1416 1785 1444 eum
1816 1403 1947 1444 tacite
1978 1403 2257 1458 coegisse,
2294 1413 2341 1445 ut
2372 1403 2460 1446 sibi

227 1476 416 1530 cogitet,
451 1475 623 1523 poetam
653 1467 727 1509 vel
755 1469 981 1508 monuisse
1012 1466 1146 1509 illud:
1200 1467 1386 1519 „Nosce
1415 1473 1458 1508 te
1489 1469 1692 1523 ipsum,“
1721 1467 1796 1509 vel
1828 1468 2059 1520 docuisse,
2089 1469 2299 1520 quomodo
2330 1472 2461 1511 casti·

230 1542 327 1595 gari
356 1546 574 1579 mereatur
603 1534 732 1575 homo
760 1532 975 1574 malorum
995 1547 1044 1574 ac
1065 1547 1372 1587 perversorum
1396 1547 1586 1585 morum,
1617 1532 1690 1574 vel
1718 1531 1798 1574 hoc
1817 1533 2014 1574 dixisse:
2056 1532 2159 1575 Nisi
2176 1548 2278 1575 mox
2304 1537 2461 1576 iterum

226 1606 414 1657 pariter,
445 1600 518 1643 vel
548 1600 756 1655 proxima
784 1598 1013 1639 occasione
1044 1600 1174 1640 etiam
1203 1597 1407 1640 acerbius
1436 1599 1645 1654 castigari
1676 1597 1898 1651 volueris,
1930 1599 2112 1640 emenda
2141 1607 2268 1652 atque
2289 1603 2459 1656 corrige

228 1672 337 1710 vitia
360 1678 448 1709 tua.
502 1666 581 1706 Sin
607 1664 711 1707 aliis
741 1663 854 1704 loci
883 1675 1188 1704 communes
1217 1666 1281 1704 ita
1300 1663 1492 1715 placent,
1523 1668 1571 1704 ut
1596 1676 1812 1714 nunqnam
1830 1677 1914 1704 non
1935 1663 2049 1705 illud
2080 1664 2281 1716 „Fabula
2303 1666 2458 1707 docet“

227 1736 383 1776 adesse
414 1732 580 1783 velint,
611 1730 716 1786 quid
746 1728 917 1780 obstat,
948 1730 1178 1784 quominus
1205 1728 1251 1769 hi
1281 1730 1562 1780 existiment,
1594 1728 1846 1770 omnibus
1875 1732 2059 1784 proponi
2080 1730 2159 1773 hoc
2190 1733 2306 1773 vitae
2337 1747 2458 1784 prae-

227 1809 420 1855 ceptum:
466 1795 597 1851 „Qui
627 1796 693 1838 sic
723 1795 937 1849 castigari
965 1791 1103 1844 nolit,
1139 1806 1195 1834 ne
1226 1794 1287 1834 sit
1316 1792 1445 1845 talis,
1484 1793 1631 1849 qualis
1661 1792 1897 1836 Postumus
1927 1794 2059 1836 fuit.“
