2677 3370
1280 73 1331 113 12

184 210 488 265 reperiuntur,
535 215 579 249 et
609 214 774 248 tantum
817 204 965 257 abest,
997 213 1043 246 ut
1074 211 1204 259 poeta
1234 202 1440 254 loquatur
1479 204 1531 245 de
1572 204 1804 259 abigendis
1835 205 1984 246 nimiis
2015 204 2410 259 sollicitudinibus,

184 285 230 317 ut
261 276 401 327 dicat,
432 287 506 315 eas
538 271 658 327 abigi
690 270 815 313 nullo
848 271 1040 312 remedio
1063 284 1210 324 posse.
1258 267 1346 312 Ubi
1377 279 1519 312 autem
1553 272 1675 322 sequi
1704 270 1903 313 voluisse
1926 271 2103 313 videtur
2129 272 2412 326 mimarum,

185 344 327 393 magis
359 354 481 393 quam
505 338 608 388 ille,
638 339 829 387 erravit,
860 336 975 390 quod
996 345 1139 386 putat,
1168 345 1335 386 poetam
1361 337 1577 376 immorari
1599 338 1642 376 in
1664 336 1945 392 recogitanda
1965 338 2098 376 nimia
2123 339 2239 378 vitae
2269 338 2412 380 brevi-

186 393 292 459 tate,
323 418 445 461 quam
478 417 611 458 supra
648 402 747 443 dixi
797 416 850 442 ne
883 416 968 441 uno
998 402 1171 453 quidem
1202 399 1417 441 vocabulo
1447 404 1787 442 commemorari.
1847 402 2056 456 Apertum
2077 411 2168 453 est,
2202 416 2297 455 eum
2325 417 2409 444 non

187 488 268 515 sua
296 471 465 526 ingenii
496 470 541 510 vi
571 473 868 521 percontatum
901 481 1001 509 esse
1032 467 1236 508 carminis
1268 467 1536 516 sententias,
1567 466 1645 507 sed
1679 467 1998 519 explicationes
2019 467 2072 508 ab
2097 467 2407 518 interpretibus

186 538 435 593 propositas
466 536 726 577 festinanter
765 541 1090 587 percurrentem
1128 531 1206 571 has
1245 530 1409 571 illasve
1448 532 1686 586 recepisse.
1745 532 1911 585 Unum,
1950 533 2061 589 quod
2103 533 2246 587 ipsius
2290 534 2407 574 acies

185 611 297 645 recte
332 602 468 652 vidit,
506 609 676 655 poetam
712 599 851 653 μύθων
888 600 1214 653 imaginumque
1251 596 1426 637 cumulo
1464 605 1592 648 atque
1629 606 1841 652 congestu
1879 601 2005 650 quasi
2035 598 2265 650 delectari,
2310 612 2410 640 eum

184 668 401 709 deducere
433 668 652 721 potuisset
684 667 738 707 ad
771 666 974 706 carminis
1009 677 1149 704 veram
1191 661 1383 703 indolem
1415 663 1747 714 inveniendam,
1792 665 1857 715 si,
1896 679 2020 717 quam
2052 667 2164 707 viam
2194 664 2302 706 haec
2331 664 2406 706 ob-

185 736 381 776 servatio
413 734 684 783 muniverat,
721 746 815 772 eam
846 733 940 781 ipse
972 735 1147 770 secutus
1178 735 1310 769 esset.

296 797 772 851 Dillenburgerus
811 795 1034 848 (Bonnae‚
1080 796 1203 847 1844)
1244 808 1392 834 omnes
1432 808 1604 834 errores
1637 795 1728 847 jam
1768 803 1964 847 notatos,
2008 797 2138 836 etiam
2178 795 2409 846 Diintzeri‚

184 866 362 916 recepit.
425 861 552 911 Quod
586 867 727 903 autem
759 875 889 901 unum
924 863 1015 911 ipse
1046 859 1236 910 addidit,
1280 868 1447 910 poetam
1487 860 1691 910 conqueri
1724 859 1775 899 de
1814 861 2025 901 inanitate
2063 862 2323 913 inferorum,
2363 861 2408 902 id

185 931 291 987 quid
323 928 573 985 significet,
612 927 825 969 confiteor
855 941 922 967 mc
951 939 1035 966 non
1067 924 1336 979 intelligere.
1393 925 1494 979 lpse
1525 927 1638 966 enim
1678 934 1836 979 postea
1872 928 1917 966 in
1954 929 2070 967 notis
2100 927 2153 967 ad
2185 926 2325 967 locum
2357 928 2410 967 de

181 997 339 1037 inferis
371 995 532 1035 additis
564 993 734 1034 nullum
766 991 945 1033 verbum
977 991 1152 1041 attulit,
1192 992 1303 1031 unde
1335 990 1414 1031 lioc
1445 992 1649 1045 cognosci
1683 992 1840 1045 possit.
1902 991 2011 1032 Nam
2044 993 2166 1044 inde,
2197 992 2309 1047 quod
2342 1006 2408 1033 re-

183 1061 448 1118 linquendae
469 1069 569 1100 sunt
593 1074 660 1100 res
682 1058 812 1110 hujus
839 1067 1005 1107 terrae,
1038 1071 1120 1097 non
1146 1059 1397 1098 necessario
1422 1058 1643 1110 seqnitur,
1676 1066 1722 1095 ut
1747 1058 1892 1096 inanis
1927 1061 1985 1098 sit
2011 1057 2134 1098 locus
2159 1059 2408 1098 inferorum,

296 1126 579 1169 Obbarius
613 1125 756 1178 (cujus
788 1124 1024 1164 editionem
1063 1122 1232 1163 Horatii
1265 1124 1502 1163 carminum
1538 1120 1728 1178 [kra‘ta'scla
1758 1122 2002 1177 berichle'gt,
2039 1124 2199 1165 erkliirt
2224 1125 2308 1164 mul
2336 1128 2410 1164 mit

183 1199 301 1234 emer
329 1189 881 1233 [iterat-esch-letstorcsclzea
926 1188 1170 1241 Ee‘nleilung
1210 1187 1421 1228 verseleen.
1479 1186 1612 1227 Jemee
1655 1186 1783 1243 1848]
1822 1190 2011 1229 omnium
2057 1203 2164 1244 quas
2204 1188 2411 1230 habemus

185 1260 386 1310 optimam
419 1270 521 1297 esse
553 1269 679 1295 nemo
713 1254 915 1306 negabit,
955 1256 1027 1304 qui
1063 1255 1272 1304 prooemii
1312 1255 1490 1293 notitias
1530 1252 1752 1293 literarias
1787 1254 2051 1295 utilissimas
2083 1269 2131 1295 ac
2161 1254 2410 1309 diligentis-

182 1326 292 1364 sime
333 1323 572 1372 dispositas
612 1319 976 1374 perlustraverit,
1015 1327 1055 1359 et
1087 1320 1464 1372 sapientissimum
1496 1328 1692 1359 notarum
1726 1318 1968 1369 delectum,
2002 1323 2043 1360 in
2076 1322 2218 1371 iisqne
2243 1321 2411 1360 uberri-

182 1403 294 1428 mam
319 1401 512 1427 summae
537 1387 759 1425 doctrinae
787 1387 950 1434 copiam
975 1399 1024 1424 ac
1048 1386 1282 1424 maximam
1304 1385 1463 1437 judicii
1482 1383 1771 1424 subtilitatem
1797 1386 2070 1439 cognoverit)
2088 1384 2223 1426 multa
2239 1385 2411 1437 quidem

183 1452 363 1508 sing'ula
393 1451 564 1492 doctius
596 1465 645 1490 ac
678 1449 838 1490 melius
871 1450 1138 1500 explicavit,
1176 1451 1253 1490 sed
1289 1455 1431 1488 tamen
1464 1450 1635 1488 casdem
1669 1449 1850 1489 illorum
1889 1449 2085 1490 locorum
2124 1452 2410 1490 communium

184 1519 426 1559 sententias
459 1529 484 1554 a
512 1524 639 1567 poeta
670 1516 897 1566 expositas
929 1529 1029 1556 esse
1061 1515 1191 1566 dicit,
1223 1529 1328 1567 quas
1362 1514 1430 1554 his
1462 1513 1609 1555 verbis
1636 1515 1916 1565 distinctius,
1948 1530 2072 1567 quam
2095 1518 2252 1557 caeteri
2277 1518 2409 1557 inter-

182 1593 355 1639 pretes,
394 1582 550 1622 refert:
612 1580 734 1631 „Die
775 1579 1062 1634 Flizrhtcgkeic
1105 1583 1181 1623 der
1217 1581 1312 1622 Zeia
1348 1594 1522 1635 vermag
1561 1581 1653 1621 kelta
1692 1580 1827 1623 Gebet
1864 1582 1948 1622 mul
1985 1582 2117 1637 Opjer
2145 1581 2412 1633 auf'zukalten

184 1654 225 1703 (1
262 1674 317 1680 -
345 1650 419 1702 8),
459 1648 642 1688 sondern
670 1650 747 1689 der
782 1646 870 1688 Tod
897 1650 955 1688 ist
982 1661 1107 1687 unser
1134 1647 1258 1688 Aller
1289 1647 1400 1687 Laos
1431 1649 1482 1701 (9
1510 1671 1566 1679 --
1597 1648 1685 1699 12).
1750 1646 1989 1701 Vergebem
2020 1647 2170 1689 snclten
2201 1653 2276 1690 wir
2304 1650 2407 1690 dem-

181 1716 317 1757 selben
356 1712 691 1762 nvceztcweicleem
731 1713 866 1754 indem
904 1717 983 1754 wir
1016 1726 1092 1754 nus
1130 1714 1220 1754 dem
1250 1712 1418 1766 Kriege
1431 1742 1442 1762 ‚
1487 1713 1564 1753 der
1599 1712 1857 1764 Scln'ff'fahrt
1892 1715 1978 1754 und
2013 1715 2090 1754 der
2127 1714 2411 1756 Kraukloec’ten

183 1781 471 1834 erzeugenden
501 1778 609 1828 Lus!
636 1777 851 1819 enazielaen
880 1779 962 1832 (13
982 1801 1034 1808 —
1054 1779 1148 1832 16),
1187 1778 1318 1819 allez‘n
1347 1782 1415 1820 ein
1444 1777 1813 1820 unausbleiblcclaes
1842 1777 2062 1821 Schicksul
2086 1779 2211 1823 trez'bt
2238 1794 2313 1823 nm
2341 1781 2410 1824 Iu’n

181 1861 269 1890 zum
307 1846 455 1887 [ludeo
485 1847 563 1897 (17
592 1870 646 1877 -—
675 1846 768 1896 20).
827 1843 899 1884 Da
935 1851 1098 1885 mites-en
1134 1849 1213 1884 wir
1240 1844 1363 1885 Allee
1398 1846 1635 1890 ver-lanea,
1678 1858 1765 1884 was
1803 1858 1879 1884 um
1917 1846 1998 1885 lceb
2026 1847 2112 1886 und
2138 1846 2280 1886 claeener
2307 1860 2412 1896 war,

181 1912 377 1962 Hiiueer,
415 1908 601 1952 Familie
629 1910 715 1950 und
742 1908 1031 1959 Laudo-elea,
1060 1909 1146 1950 und
1178 1922 1305 1949 unser
1342 1908 1594 1951 Besitztlmm
1630 1909 1734 1956 fallu
1762 1913 1806 1950 in
1834 1910 1904 1951 die
1932 1908 2088 1951 Haude
2115 1912 2190 1952 des
2217 1915 2412 1965 gierigen

182 1977 350 2027 Erben,
388 1975 567 2016 welcher
596 1989 641 2014 ee
670 1973 983 2014 verscluoendee
1013 1976 1092 2026 (21
1123 1997 1179 2003 —
1206 1976 1329 2026 28).“

292 2039 379 2082 Cui
409 2048 666 2094 argumento
697 2053 806 2090 quae
837 2037 953 2079 falsa
983 2040 1129 2086 inesse
1160 2039 1372 2089 arbitrer,
1405 2039 1571 2093 patebit
1590 2054 1646 2079 ex
1673 2042 1755 2091 iis,
1787 2053 1898 2095 quae
1921 2040 1974 2080 ad
1991 2039 2109 2080 Janii
2132 2049 2176 2080 et
2199 2040 2410 2084 Diintzeri

180 2114 437 2162 argumenta
461 2106 554 2159 jam
585 2105 792 2159 exposui.
851 2103 908 2144 Et
939 2114 1151 2158 repugnat
1178 2103 1233 2145 V.
1257 2104 1314 2144 D.
1347 2103 1435 2145 sibi
1465 2106 1582 2155 ipse,
1620 2105 1732 2156 quod
1769 2119 1894 2157 quam
1927 2104 2007 2145 hoc
2037 2104 2135 2146 loco
2165 2110 2409 2150 sententiae

179 2188 221 2214 v.
251 2175 300 2213 ²1
328 2174 455 2212 —28
484 2170 578 2219 loci,
603 2171 846 2210 communis
878 2170 1057 2210 formam
1091 2170 1237 2221 dedit,
1281 2170 1439 2210 deinde
1471 2171 1634 2211 rectius
1666 2170 1816 2222 tollit,
1855 2170 1930 2211 ubi
1961 2185 2009 2211 se
2040 2170 2277 2213 dissentire
2308 2174 2415 2215 dicit

180 2255 204 2278 a
232 2238 454 2278 Diintzero
485 2245 529 2276 et
560 2235 760 2286 Orellio,
792 2237 953 2288 quippe
986 2237 1060 2289 qui
1094 2245 1138 2275 ut
1171 2237 1214 2275 in
1249 2237 1436 2275 caeteris
1469 2237 1531 2275 ita
1561 2237 1603 2275 in
1637 2235 1734 2276 illis
1775 2249 1946 2291 quoque
1987 2235 2189 2278 versibus
2227 2251 2414 2280 commu·

182 2317 281 2344 nem
313 2301 455 2343 locum
503 2302 719 2341 contineri
770 2302 1025 2341 statuerint.
1085 2299 1239 2356 Itaque
1281 2315 1331 2341 eo
1370 2303 1511 2355 magis
1544 2303 1700 2350 miror,
1732 2302 1846 2356 quod
1879 2306 1922 2341 et
1953 2303 2047 2351 ipse
2077 2301 2419 2346 adhortationem

182 2371 331 2409 inesse
353 2373 489 2418 putat.
550 2364 660 2406 Nam
686 2366 813 2406 dicit:
846 2366 967 2416 „Der
990 2365 1165 2406 Dichter
1188 2365 1307 2406 sucht
1326 2368 1405 2407 den
1429 2367 1649 2406 Postumus
1670 2366 1761 2406 Iu'er
1789 2368 1867 2417 aas
1892 2367 2157 2407 indirecte
2187 2367 2245 2407 W
2243 2382 2266 2410 e
2278 2371 2416 2426 2'3e(.?)

180 2446 230 2474 :u
260 2436 390 2474 ciuem
422 2429 576 2483 trohen
606 2428 948 2485 Lebemgemeue
977 2444 1026 2471 za
1055 2445 1152 2472 erm
1160 2445 1223 2472 un
1234 2438 1252 2472 t
1258 2445 1368 2481 ern,
1396 2431 1576 2483 srea‘licla
1605 2438 1649 2474 in
1678 2434 1883 2481 andem,
1922 2430 2032 2471 melu·
2068 2440 2278 2475 ernsterer
2316 2436 2414 2488 Art',

181 2500 246 2540 als
274 2502 354 2539 wir
382 2511 426 2537 es
456 2503 572 2538 sonet
601 2510 681 2537 von
708 2495 790 2538 ihm
817 2496 1010 2550 gewolml
1038 2499 1170 2539 stud.‘2
1230 2496 1416 2538 Videtur
1447 2497 1517 2538 his
1549 2497 1695 2539 verbis
1728 2497 2009 2553 significasse
2040 2497 2176 2551 illud,
2213 2503 2328 2555 quod
2361 2503 2415 2545 ab

179 2564 306 2605 Janio
339 2561 602 2613 appellatum
634 2563 825 2603 vidimus
856 2561 1040 2602 mollius
1072 2578 1120 2603 ac
1152 2562 1349 2604 flebilius
1378 2564 1513 2611 πάθος
1538 2573 1580 2604 et
1606 2564 1868 2604 sedatiorem
1897 2563 2109 2615 quandam
2139 2568 2416 2621 gravitatem,

183 2630 293 2681 qnod
330 2637 560 2679 utrumque
590 2642 616 2668 a
646 2642 750 2668 vera
778 2629 988 2669 carminis
1022 2628 1169 2669 indole
1200 2624 1520 2669 alienissimum
1552 2644 1650 2670 esse
1682 2630 1849 2670 censui.

294 2694 359 2735 Ad
394 2693 734 2734 Diintzerum
766 2693 912 2734 redire
943 2706 1102 2749 cogor,
1144 2708 1199 2734 ne
1232 2694 1467 2735 editionem
1506 2696 1746 2736 novissime
1778 2693 1832 2734 ab
1863 2707 1915 2734 eo
1947 2693 2105 2736 editam
2134 2693 2209 2750 (Q.
2241 2697 2420 2741 Horatii

184 2760 336 2803 Flacci
358 2774 493 2814 opera
522 2760 566 2799 in
591 2772 718 2799 usum
748 2757 998 2800 scholarum
1031 2759 1097 2800 ed.
1131 2760 1342 2800 varietate
1363 2762 1608 2815 scripturae
1633 2769 1676 2801 et
1695 2761 2019 2802 commentariis
2040 2762 2258 2804 instruxit
2282 2763 2418 2808 Hem·-

181 2826 450 2868 Diintzerus.
485 2823 739 2879 Brunswig.
771 2825 897 2877 1849)
928 2823 1110 2866 silentio
1140 2827 1495 2876 praetermisisse
1527 2827 1694 2869 videar.
1756 2824 2050 2879 Quamquam,
2087 2837 2293 2877 quantum
2323 2844 2422 2885 per-
