2677 3370
1277 67 1399 118 1⁷„

180 197 363 261 fuerint,
379 203 440 254 ita
457 207 505 246 ut
522 201 650 263 nobis
668 199 778 250 nibil
798 200 920 244 aliud
944 201 1077 253 liceat
1095 200 1256 257 dicere,
1271 215 1398 254 quam
1412 199 1587 245 videri
1606 200 1735 246 nobis
1753 202 1888 247 talem
1906 203 2178 260 Postumum,
2194 210 2414 263 qnoniam,

177 269 218 311 si
248 270 346 322 quis
377 257 499 327 aliud
535 267 640 326 quid
677 267 780 311 inde
818 266 1020 310 concludi
1048 280 1179 320 posse
1214 265 1288 309 vel
1317 266 1615 311 concludenda
1653 282 1754 313 esse
1790 272 2034 324 putaverit,
2080 273 2125 314 ei
2152 271 2271 321 nlius
2310 289 2412 318 esse

181 330 409 394 videbitur
442 333 692 376 Postumus.
753 333 840 375 Sed
877 328 1016 385 quod
1052 341 1184 388 poeta
1211 332 1419 376 Postumo
1457 334 1602 387 dicere
1630 335 1796 388 voluit,
1826 337 1883 379 id
1925 347 2044 380 certe
2081 326 2234 390 aperte
2266 339 2320 382 ab
2356 355 2410 383 eo

179 402 454 457 propositum
498 402 742 452 cernimus,
791 407 840 440 ut
882 399 936 441 de
982 397 1061 441 hac
1096 398 1270 455 quidem
1307 413 1356 441 re
1391 408 1619 454 propterea
1667 384 1833 443 tantum
1878 406 2002 445 vario
2045 405 2171 447 modo
2210 406 2406 461 judicari

179 457 351 524 possit,
381 466 518 522 quod,
549 480 658 518 quae
688 464 827 506 latina
856 466 887 507 1.
918 479 961 507 e.
993 464 1141 508 aliena
1168 464 1323 521 lingua
1352 466 1519 521 scripta
1547 474 1675 518 sunt,
1706 465 1777 510 hic
1808 467 1904 510 illic
1931 467 2134 520 pluribus
2163 471 2217 514 de
2247 473 2398 514 causis

183 534 306 574 varie
335 530 532 586 intelligi
561 539 759 582 possunt.

281 596 378 640 Jam
406 610 537 648 vero,
582 596 696 652 quod
724 596 878 638 Janius
909 610 1053 639 mores
1083 594 1190 638 illos
1215 595 1413 638 Postumi
1433 598 1663 654 proposuit
1692 612 1744 640 eo
1775 599 1957 652 ordine,
1987 614 2072 657 quo
2099 602 2401 658 inveniuntur,

175 666 216 706 si
249 671 282 705 a'
301 663 627 717 finecarminis
659 665 914 714 incipientes
946 662 1125 718 singula
1145 664 1197 704 de
1224 677 1275 703 eo
1298 667 1520 714 proposita
1548 664 1829 706 considerare
1851 667 2069 721 gradatim
2099 675 2217 708 retro
2244 670 2400 720 pedem

174 731 381 782 ferimus,
426 728 469 770 id
516 730 735 781 sapienter
779 738 822 770 et
851 737 948 780 apte
985 729 1040 771 ad
1070 728 1266 771 Postumi
1304 742 1445 771 mores
1487 731 1816 785 cognoscendos
1862 732 2024 774 fecisse
2067 732 2177 775 mihi
2208 736 2397 781 videtur.

177 795 237 838 Ut
267 798 404 847 enim,
435 797 474 836 si
505 797 601 847 quis
631 795 758 836 fluvii
789 794 1016 849 paullatim
1047 797 1163 837 aucti
1191 799 1390 836 naturam
1419 794 1529 837 bene
1559 810 1823 851 cognoscere
1856 797 1990 849 velit,
2026 797 2134 840 licet
2168 801 2261 853 jam
2297 802 2400 844 inde

177 876 204 902 a
231 862 352 902 fonte
384 874 520 916 usque
556 861 611 902 ad
642 874 739 900 eum
768 860 934 910 locum,
971 860 1047 901 ubi
1076 862 1122 900 in
1151 875 1270 901 mare
1299 860 1468 913 influit,
1509 863 1608 915 ejus
1637 863 1869 903 decursum
1899 863 2228 917 observaverit,
2257 870 2403 908 tamen

175 926 460 968 utilissimum
491 924 715 976 censebit,
760 926 902 966 denuo
932 927 1017 966 iter
1045 927 1219 980 ingredi
1251 940 1302 966 ac
1330 934 1447 967 retro
1475 941 1659 981 pergere
1690 941 1830 983 usque
1868 929 1923 970 ad
1961 929 2151 982 fontem,
2196 934 2400 982 quoniam

173 1006 310 1045 nunc,
341 991 440 1043 ubi,
471 990 600 1044 quale
629 991 801 1033 tandem
829 991 990 1033 factum
1020 992 1080 1033 sit
1108 990 1293 1044 flumen,
1324 990 1435 1033 bene
1465 993 1688 1047 cognitum
1718 992 1875 1046 habet,
1906 996 2118 1037 attentius
2143 994 2402 1039 observabit

173 1071 323 1099 omnes
367 1059 487 1098 rivos
531 1056 583 1096 ad
628 1055 744 1097 illud
787 1056 1056 1097 confluentes
1101 1064 1201 1096 ante
1247 1056 1472 1112 neglectos
1510 1056 1584 1098 vel
1621 1060 1994 1112 praetermissos,
2039 1061 2105 1101 ita
2148 1062 2280 1102 etiam
2326 1064 2402 1118 qui

176 1137 347 1165 carmen
377 1122 450 1164 vel
480 1124 720 1163 orationem
750 1121 1011 1177 perlegerit,
1043 1122 1215 1163 utiliter
1243 1127 1408 1173 repetet
1438 1125 1678 1164 sententias
1709 1139 1734 1165 a
1763 1125 1853 1166 fine
1884 1135 2002 1166 retro
2032 1128 2303 1180 respiciens,
2347 1137 2396 1168 ut

171 1197 428 1245 cognoscat,
459 1202 514 1229 ex
549 1202 632 1240 qna
662 1189 861 1242 proxime
890 1188 1173 1229 antecedente
1203 1189 1422 1229 sententia
1451 1190 1670 1243 posterior
1695 1190 1918 1241 quaelibet
1947 1196 2050 1233 nata
2080 1193 2168 1244 sit,
2209 1207 2295 1248 qua
2323 1195 2398 1236 via

171 1255 342 1297 tandem
375 1256 601 1308 perveniet
637 1254 690 1294 ad
727 1253 929 1295 altiorem
959 1253 1101 1295 locum
1137 1254 1266 1305 primi
1294 1253 1455 1306 fontis,
1494 1254 1607 1295 unde
1647 1262 1785 1296 totum
1822 1258 2025 1298 carminis
2065 1257 2138 1298 vel
2180 1261 2396 1301 orationis

143 1371 145 1373 ι
171 1321 329 1362 flumen
363 1320 588 1374 profluxit.

282 1384 529 1426 Consilium
559 1385 698 1439 igitur
726 1385 820 1435 cepi
850 1384 1002 1425 eodem
1022 1384 1150 1425 modo
1181 1386 1294 1425 viam
1324 1385 1609 1437 instituendi,
1640 1393 1687 1426 nt
1706 1387 1892 1437 primum
1920 1386 2273 1443 intelligeretur,
2303 1402 2400 1441 quo

172 1452 342 1500 onmia,
382 1463 492 1504 quae
523 1463 548 1490 a
576 1454 705 1500 poeta
735 1451 942 1503 exposita
971 1458 1095 1499 sunt,
1126 1451 1346 1503 pertinere
1377 1450 1646 1490 viderentur.

279 1516 427 1566 ltaque
465 1528 595 1569 quum
632 1513 787 1554 Janius
834 1515 1015 1555 divitem
1062 1515 1204 1555 fuisse
1241 1515 1494 1556 Postumum
1536 1514 1810 1556 conclusisse
1852 1516 1963 1557 mihi
2006 1517 2233 1558 videretur
2275 1519 2397 1570 inde,

167 1581 281 1636 quod
314 1580 511 1626 haeres
565 1580 726 1620 dicitur
771 1578 1125 1620 absumturus
1165 1594 1292 1620 esse
1323 1579 1572 1621 Caecuba
1599 1603 1654 1611 —
1685 1589 1902 1622 servata
1946 1586 2053 1633 etc.,
2097 1583 2250 1624 addidi
2288 1597 2399 1634 quae

164 1645 272 1687 mihi
317 1644 515 1686 addenda
552 1635 652 1685 esse
682 1643 943 1685 videbantur
990 1646 1247 1698 pronomina
1281 1647 1537 1696 possessiva
1574 1653 1619 1686 et
1655 1645 1909 1700 personalia
1963 1655 2005 1686 et
2036 1649 2225 1698 exposui
2255 1647 2389 1690 mihi:

168 1711 377 1763 „naeres
422 1715 549 1751 tuus
593 1707 796 1760 Caecuba
839 1723 864 1750 a
909 1714 960 1750 te
1006 1715 1270 1762 servata—‚
1318 1712 1490 1766 tinguet
1536 1719 1676 1752 11111111
1719 1713 2061 1762 pavimentum.“
2119 1712 2194 1753 sie
2238 1713 2394 1764 pedem

166 1786 283 1818 retro
313 1777 460 1818 ferens
491 1789 594 1826 111οξ
627 1776 747 1825 vidi,
780 1784 950 1829 poetam
981 1777 1126 1829 ipsum
1156 1776 1323 1817 dicere:
1369 1784 1461 1827 „te
1491 1780 1755 1831 sequetur“,
1787 1785 1829 1817 et
1859 1790 1986 1827 quum
2031 1776 2252 1828 „arbores
2284 1791 2392 1830 quas

167 1842 341 1886 colis“
375 1844 464 1884 sint
493 1840 704 1894 „arbores
729 1845 908 1892 tuae“,
940 1843 1095 1892 etiam,
1126 1856 1236 1896 quae
1252 1840 1322 1883 his
1337 1842 1535 1893 proxime
1555 1843 1842 1893 praecedunt,
1873 1844 1937 1883 sic
1955 1842 2068 1897 legi:
2098 1844 2394 1899 „Linquenda

166 1909 276 1952 tibi
308 1908 442 1950 tellus
476 1917 593 1958 tua,
625 1911 669 1948 et
696 1907 847 1947 domus
880 1915 991 1957 tua,
1023 1915 1066 1965 et
1097 1920 1212 1947 uxor
1247 1914 1358 1947 tua.
1416 1906 1572 1948 Porro:
1616 1906 1878 1958 „visendus
1909 1907 2015 1949 tibi
2046 1907 2235 1962 Cocytos
2273 1914 2390 1951 etc.“

274 1975 368 2015 Jam
399 1988 529 2028 quum
559 1972 699 2013 adhuc
727 1981 896 2022 poetam
927 1972 1087 2021 ubique
1117 1973 1352 2012 secunda
1378 1986 1566 2024 persona
1597 1981 1673 2012 aut
1701 1987 1803 2012 vere
1833 1975 1899 2012 uti
1929 1983 2004 2013 aut
2033 1976 2213 2014 eandem
2245 1978 2389 2029 signi-

164 2040 296 2083 ficare
328 2038 760 2088 animadvertissem,
790 2050 892 2078 mox
926 2038 971 2078 in
1003 2038 1155 2091 paucis
1185 2036 1282 2078 illis
1314 2035 1449 2088 locis,
1478 2034 1554 2077 ubi
1585 2037 1758 2087 prima
1786 2050 1970 2088 persona
1999 2039 2168 2081 numeri
2197 2038 2390 2094 pluralis

164 2107 410 2155 invenitur,
441 2102 670 2143 videbatur
692 2102 798 2142 mibi
821 2110 949 2153 poeta
972 2101 1120 2156 aliqua
1137 2103 1190 2142 de
1208 2115 1340 2142 causa
1369 2104 1653 2155 semetipsum
1683 2102 1855 2156 quidem
1881 2102 2088 2143 Postumo
2109 2104 2391 2158 adjunxisse,

165 2172 242 2214 sed
275 2179 416 2211 tamen
447 2184 493 2210 re
524 2183 626 2209 vera
655 2167 907 2209 Postumum
939 2167 1241 2223 significasse.
1289 2169 1352 2208 ita
1381 2160 1589 2208 ut‘etiam
1621 2167 1726 2208 haec
1757 2167 1866 2208 1111111
1897 2170 1962 2209 sic
1993 2170 2256 2223 exponenda
2286 2185 2389 2212 esse

165 2249 410 2279 censerem:
467 2234 685 2284 „Frustra
723 2233 985 2275 carebis“
1024 2244 1129 2284 etc.‚
1169 2234 1283 2274 unda
1312 2232 1438 2274 nobis
1479 2232 1704 2283 omnibus,
1735 2235 1977 2287 quicunque
2017 2243 2161 2276 terrae
2208 2250 2389 2278 munere

165 2302 408 2351 vescimur,
438 2313 545 2354 ergo
575 2308 618 2340 et
647 2298 771 2349 tibi,
802 2300 876 2353 qui
906 2300 1010 2339 item
1037 2308 1177 2339 terrae
1198 2311 1376 2338 munere
1409 2299 1661 2348 vesceris,
1693 2298 1988 2352 enaviganda,
2019 2301 2117 2341 sive
2157 2315 2239 2342 rex
2283 2303 2383 2342 sive

166 2369 293 2420 inops
333 2366 444 2405 eris
492 2364 723 2405 colonus.“
779 2363 873 2404 Jam
917 2377 1046 2415 quum
1083 2365 1126 2403 in
1169 2364 1471 2402 enunciatione
1516 2362 1797 2403 secundaria:
1844 2365 1928 2414 „si
1971 2363 2183 2417 places“
2221 2367 2381 2406 iterum

165 2430 356 2474 secunda
383 2444 569 2481 persona
598 2431 742 2484 posita
763 2431 846 2481 sit,
875 2443 959 2469 non
983 2431 1222 2483 poterimus
1251 2429 1297 2468 in
1321 2428 1626 2468 enunciatione
1650 2430 1882 2481 primaria,
1913 2430 2026 2469 unde
2064 2428 2146 2469 illa
2167 2443 2384 2483 suspensa

164 2505 252 2547 est,
296 2495 489 2536 secunda
519 2508 705 2550 persona
741 2508 914 2546 carere,
958 2495 1145 2548 ideoque
1175 2493 1238 2534 ibi
1267 2505 1434 2544 quoque
1464 2493 1774 2546 exponendum
1805 2495 1910 2533 erit:
1954 2506 2077 2543 „nec
2107 2502 2205 2535 tua
2235 2496 2379 2550 pietas

162 2575 324 2604 moram
355 2561 510 2601 afferet
542 2561 664 2615 rugis
695 2567 739 2600 et
767 2561 986 2602 senectuti
1014 2559 1121 2601 tibi
1150 2559 1332 2601 instanti
1364 2566 1407 2598 et
1439 2559 1593 2611 morti,
1636 2572 1762 2614 quam
1797 2571 1852 2598 ne
1882 2565 1973 2599 tum
2003 2559 2178 2610 quidem
2204 2560 2382 2603 domare

163 2627 397 2681 poteris,
427 2627 467 2665 si
496 2625 642 2676 places
673 2634 754 2666 etc.

277 2690 458 2733 Restant
489 2691 658 2730 tandem
689 2690 775 2731 soli
808 2689 1031 2744 „fugaces
1062 2691 1212 2730 anni.“
1253 2689 1407 2732 Nonne
1445 2690 1765 2730 inconstantiae
1794 2703 1845 2730 ac
1875 2691 2193 2744 repugnantiae
2221 2695 2381 2734 merito

119 2744 132 2757 ⁶
164 2767 470 2812 argueremur,
504 2755 544 2794 si
576 2753 644 2796 his
677 2755 788 2797 solis
820 2755 979 2796 addere
1009 2755 1228 2797 nollemus
1257 2767 1492 2810 pronomen
1531 2755 1832 2805 possessivum
1874 2755 2092 2795 secundae
2132 2759 2376 2810 personae?

163 2821 290 2871 Quod
321 2821 360 2860 si
392 2818 649 2870 fecerimus,
680 2823 823 2871 „anni
854 2821 973 2861 tui“
1005 2825 1132 2862 erunt
1159 2822 1261 2861 anni
1290 2821 1490 2876 aetatis
1519 2819 1733 2862 Postumi.
1790 2819 2047 2883 Atquisuae
2063 2824 2225 2864 aetatis
2240 2836 2376 2865 annos

1810 2886 1839 2927 3
