2677 3370
169 197 278 248 atich
299 209 421 246 sonet.
446 202 577 246 durch
604 206 717 252 scine
740 200 876 244 Lehre
903 202 994 242 com
1018 201 1362 255 Lebemgemme
1389 201 1583 244 Iden-aber
1611 209 1918 258 megalenses,
1946 217 1993 246 eo
2022 205 2183 248 echeint
2207 206 2276 248 ibn
2294 208 2401 250 doch

167 272 307 313 dieser
346 268 543 312 Gedanke
578 264 734 309 einmal
763 271 808 307 in
845 272 988 309 eeiuer
1022 270 1235 321 geieee‘gen
1272 267 1589 323 Verstae'mmng,
1634 274 1714 311 wie
1752 274 1817 311 tie
1855 270 1962 311 auch
1997 270 2075 312 ihm
2110 272 2224 313 nicht
2249 274 2401 324 sellie,

168 335 341 387 (Ιησοῦς
369 334 411 376 S.
440 336 524 376 336
550 335 606 388 Ι.)
636 338 710 375 mit
736 333 847 373 aller
874 331 1068 373 Schwen-
1095 333 1314 388 geu-offen
1341 334 1427 375 und
1466 333 1709 389 Verlangen
1743 336 1851 377 nack
1893 340 2027 378 einen
2056 341 2232 380 weitern
2263 337 2402 380 Leben

170 403 357 456 geoeeckt
383 414 433 440 zu
460 400 603 442 haben.
664 399 789 440 Dierr
829 399 977 440 druch!
1012 411 1161 439 uncere
1198 399 1285 439 Ode
1307 402 1359 438 -in
1386 398 1501 442 ‚ihrer
1530 399 1948 451 leidemcltafllcchen
1977 401 2219 456 Hefligket't
2247 409 2366 444 mn.“

283 467 494 508 Extrema
524 463 657 506 verba
689 465 744 505 de
775 462 1100 505 vehementiore
1130 466 1263 505 animi
1302 465 1536 506 affectione
1576 466 1760 519 primum
1800 467 2051 519 respicienti
2083 468 2188 509 mihi
2228 471 2274 510 in
2311 483 2402 511 me-

172 535 351 576 moriam
382 538 634 581 recurrunt,
666 544 777 586 quae
806 529 903 571 Jani
937 531 1057 572 dixit
1079 530 1131 571 de
1158 528 1363 571 molliore
1382 539 1424 571 et
1443 529 1665 572 flebiliore
1686 532 1808 574 πάθει
1831 537 1874 573 et
1896 532 1951 574 de
1972 533 2193 575 sedatiore
2215 536 2401 590 quadam

173 600 409 656 gravitate,
439 610 548 648 quae
573 610 700 652 quum
727 598 839 636 inter
858 611 906 637 se
932 604 1151 651 pugnent,
1183 609 1267 636 non
1291 596 1421 636 video
1446 598 1661 652 quomodo
1692 597 1922 639 conciliari
1944 600 2134 654 possint.
2176 600 2402 643 Alteruter

172 666 309 720 igitur
340 664 517 704 erravit.
578 660 762 702 Caetera
792 662 1006 716 quomodo
1037 663 1135 715 quis
1179 670 1373 702 statuere
1402 663 1571 715 possit,
1610 664 1682 713 qui
1723 663 1901 717 singula
1938 666 2186 705 accuratius
2222 679 2400 718 perpen-

176 730 311 781 derit,
341 741 425 770 non
458 735 590 783 patet.
651 728 698 768 Si
730 728 843 768 enim
881 735 1012 782 poeta
1049 726 1169 769 locos
1207 726 1313 769 illos
1343 740 1592 769 communes
1630 728 1731 770 inde
1769 743 1794 770 a
1828 727 1956 770 Janio
1998 728 2052 771 ab
2090 731 2398 782 interpretibus

175 796 380 836 laudatos
411 795 464 834 de
495 794 627 835 celeri
671 794 774 847 fuga
803 795 1037 847 temporis,
1077 794 1129 833 de
1169 795 1536 848 appropinquante
1579 802 1829 846 senectute,
1867 795 1923 835 de
1961 795 2212 836 inevitabili
2245 807 2397 850 morte,

176 862 229 903 de
261 862 379 901 inani
410 861 612 900 cautione
643 869 835 899 maturae
864 860 1044 910 mortis,
1082 859 1135 899 de
1166 859 1467 914 relinquendis
1499 859 1631 900 rebus
1663 862 1907 901 carissimis
1948 869 2136 902 tractare
2167 861 2400 916 voluisset,

175 928 369 983 ineptius
409 926 583 983 quidem
614 926 656 966 id
691 925 834 967 facere
873 939 955 966 non
995 926 1240 980 potuisset,
1284 939 1410 980 quam
1442 928 1506 968 sic
1536 930 1584 967 ut
1620 926 1787 968 diceret
1824 927 1892 968 de·
1918 928 2086 981 pietate
2116 927 2264 982 fugam
2295 938 2400 970 tem·

175 995 321 1049 poris,
362 1000 658 1042 senectutem,
702 995 880 1032 mortem
913 1004 995 1032 non
1028 996 1295 1042 remorante,
1351 991 1405 1032 de
1435 992 1702 1047 quotidianis
1748 991 1890 1034 tribus
1922 991 2190 1034 hecatombis
2240 994 2404 1037 frustra

176 1059 362 1109 oblatis,
393 1060 446 1098 de
477 1056 768 1097 horribilibus
807 1059 1037 1108 monstris,
1075 1057 1274 1110 Geryone
1312 1066 1354 1097 et
1397 1057 1551 1111 Tityo,
1600 1072 1625 1097 a
1662 1057 1848 1099 Plutone
1887 1060 2091 1110 domitis,
2131 1059 2184 1099 de
2223 1059 2402 1114 Cocyto,

178 1123 455 1167 Danaidibus
494 1128 536 1164 et
575 1122 762 1176 Sisypho
801 1124 1023 1174 visendis,
1068 1123 1121 1163 de
1164 1125 1386 1176 cupressis
1434 1138 1543 1174 quae
1586 1123 1708 1164 solae
1747 1126 2004 1165 morientem
2043 1134 2305 1177 sequantur,
2352 1127 2403 1167 de

176 1191 363 1232 haerede
395 1203 466 1231 res
497 1188 677 1229 relictas
708 1189 1007 1240 profundente.
1067 1189 1209 1240 Atque
1240 1190 1277 1229 si
1313 1188 1521 1229 Horatius
1544 1201 1629 1229 non
1659 1198 1744 1229 tam
1765 1203 1938 1231 monere
1962 1190 2243 1244 Postumum,
2275 1205 2401 1244 quam

178 1270 401 1312 exponere
431 1264 595 1295 tantum
626 1257 764 1294 amico
798 1255 1014 1295 voluisset
1045 1256 1195 1295 tristes
1233 1256 1302 1295 sui
1344 1256 1489 1308 ipsius
1532 1256 1721 1305 pectoris
1762 1268 1888 1295 curas
1926 1256 1979 1296 de
2010 1256 2250 1311 fragilitate
2284 1259 2400 1299 vitae

178 1324 413 1373 humanae,
444 1323 516 1375 qni
549 1321 731 1361 tandem·
762 1320 843 1361 huc
882 1322 1072 1374 pertinet
1111 1321 1240 1359 etiam
1284 1334 1387 1359 cura
1428 1321 1482 1360 de
1526 1319 1815 1374 relinquenda
1855 1335 2021 1371 uxore,
2060 1336 2170 1375 quae
2214 1322 2400 1363 Horatio

179 1403 262 1430 non
295 1392 412 1439 erat,
450 1395 493 1427 et
523 1386 577 1426 de
610 1385 797 1427 haerede
828 1387 930 1426 vina
962 1394 1132 1427 centum
1175 1383 1376 1426 clavibus
1416 1393 1593 1426 servata
1627 1385 1940 1439 profundente,
1978 1387 2052 1441 qui
2087 1385 2275 1427 Horatio
2318 1401 2404 1429 non

178 1456 395 1496 timendus
416 1452 523 1493 funt
568 1452 626 1492 At
648 1452 795 1502 dices,
827 1451 934 1491 haec
955 1453 1173 1503 pertinere
1197 1451 1248 1491 ad
1275 1452 1473 1491 amicum.
1517 1451 1745 1492 Sumamus
1773 1449 1869 1492 hoc.
1914 1451 2002 1492 Sed
2028 1451 2188 1494 deflere
2207 1451 2401 1495 solemus

178 1533 381 1569 uxorem,
412 1519 523 1573 quod
545 1519 698 1557 marito
716 1519 935 1568 privatur,
967 1531 1092 1557 nemo
1114 1518 1314 1557 maritum
1340 1517 1494 1567 deflet,
1525 1517 1635 1567 quod
1655 1530 1840 1557 uxorem
1861 1516 2112 1568 relinquere
2129 1527 2305 1559 coactus
2327 1521 2401 1561 sit.

177 1587 233 1628 Et
254 1599 351 1627 num
374 1586 514 1625 omnis
536 1583 687 1624 haeres
708 1592 775 1624 est
797 1585 1003 1638 profusor
1019 1598 1161 1624 rerum
1190 1582 1460 1624 haereditate
1485 1582 1786 1634 acceptaran
1818 1582 1968 1625 Sensit
1986 1582 2067 1624 hoc
2090 1586 2247 1638 etipse
2266 1584 2405 1626 Diint-

180 1666 330 1703 zerus,
362 1664 488 1703 quum
522 1651 750 1690 intruserit
781 1649 1034 1689 adverbium
1068 1649 1332 1700 forsitan,
1363 1649 1474 1704 quod
1507 1657 1637 1704 poeta
1667 1662 1750 1689 non
1782 1647 1934 1696 habet3
1973 1662 2069 1689 nam
2100 1648 2205 1690 facit
2233 1654 2403 1702 poetam

178 1721 412 1759 dicentem:
461 1716 552 1755 Der
571 1715 681 1755 Erbe
711 1717 818 1755 reae'rd
846 1717 993 1755 dea'nen
1013 1715 1226 1754 Caecnber
1255 1715 1434 1761 trinken,
1463 1717 1532 1752 ein
1562 1715 1825 1767 wiirdt‘gerer
1845 1714 2037 1753 Besitzer
2065 1715 2130 1753 als
2159 1715 2235 1763 du,
2265 1716 2402 1755 t’nde'm

176 1800 224 1826 er
254 1783 319 1825 ιἸιη
348 1796 397 1822 :tc
414 1786 565 1822 xeoe'nem
590 1781 777 1821 Gennsse
800 1779 1047 1821 verbrancht
1066 1781 1151 1820 med
1178 1783 1231 1819 vi
1238 1794 1260 1819 e
1272 1779 1316 1818 ll
1322 1779 1454 1820 ez'claet
1479 1793 1564 1832 gar
1586 1778 1856 1835 leichtsinmg·
1872 1778 2203 1830 verschwendel,
2233 1794 2323 1821 was
2346 1782 2404 1822 du

177 1852 283 1903 karg
306 1846 548 1903 gesammelt
571 1845 678 1887 hart.
734 1845 866 1897 Atqui
898 1844 1096 1886 hocloco
1131 1843 1378 1884 Diintzerus
1399 1843 1650 1884 Postumum
1679 1857 1853 1894 parcum
1869 1852 1912 1884 et
1927 1858 2106 1885 avarum
2119 1844 2262 1886 fuisse
2279 1846 2401 1898 dicit,

177 1917 301 1972 quem
341 1914 568 1968 superiore
601 1911 699 1951 loco
731 1909 931 1951 omnibus
964 1912 1086 1951 vitiis
1117 1908 1383 1950 absolverat.
1445 1909 1528 1948 Sed
1563 1908 1668 1949 haec
1699 1917 1766 1948 est
1796 1910 1893 1962 ejus
1923 1909 2112 1950 alacrior
2132 1915 2261 1965 atque
2286 1913 2401 1952 vivi-

179 1984 276 2024 dior
306 1980 438 2022 animi
468 1979 561 2030 vis,
600 1993 683 2033 qua
715 1974 1059 2032 cogitationibus
1091 1976 1283 2030 undique
1313 1975 1439 2026 quasi
1471 1973 1782 2016 advolantibus
1813 1976 1875 2015 ita
1903 1976 2130 2030 inquietus
2168 1992 2218 2017 ac
2260 1992 2401 2031 vagus

178 2048 263 2088 huc
292 2046 401 2087 illuc
430 2045 595 2094 fertur,
627 2052 674 2083 ut
706 2056 837 2097 saepe
868 2043 1059 2090 nesciat,
1090 2054 1174 2097 quo
1205 2039 1303 2080 loco
1335 2041 1393 2080 sit
1421 2040 1607 2095 quidque
1631 2039 1758 2080 modo
1785 2039 1975 2092 dixerit,
2007 2048 2049 2081 et
2073 2041 2234 2082 diffuse
2258 2044 2405 2084 omnia

178 2116 372 2155 misceat.
432 2110 542 2152 Nam
574 2111 616 2148 in
650 2111 732 2158 iis,
764 2122 872 2158 quae
904 2115 1168 2162 sequuntur,
1199 2105 1329 2159 plane
1359 2104 1525 2144 oblitus
1558 2113 1625 2144 est
1657 2104 1782 2145 illius
1813 2106 2034 2158 opinionis
2065 2106 2120 2145 de
2148 2115 2276 2156 poeta
2297 2108 2404 2149 tris·

178 2190 246 2221 tes
278 2180 346 2219 sui
379 2176 565 2227 pectoris
596 2189 723 2215 curas
754 2175 893 2214 amico
926 2183 1173 2227 exponente
1205 2177 1248 2212 et
1278 2172 1444 2225 profert
1470 2173 1635 2210 monita
1672 2172 1812 2211 amico
1849 2172 1972 2221 data,
2008 2185 2118 2225 quae
2149 2172 2246 2212 dari
2276 2175 2404 2214 modo

178 2251 430 2299 negaverat.

291 2307 436 2350 ldeam
467 2308 579 2347 enim
612 2306 816 2347 carminis
848 2303 959 2345 hanc
989 2317 1090 2345 esse
1129 2303 1259 2344 dicit:
1319 2299 1556 2351 „Geniesre
1591 2300 1670 2341 das
1707 2299 1848 2341 Leben
1882 2299 2017 2342 hez'ter
2054 2301 2139 2343 und
2173 2301 2401 2350 echuldlon

178 2378 288 2418 deun
316 2378 385 2415 ein
413 2372 620 2414 selmeller
654 2372 741 2412 Tod
767 2371 888 2412 harrt
922 2383 1069 2418 unser,
1107 2370 1184 2410 der
1221 2380 1297 2407 nne
1334 2366 1467 2407 michir
1502 2366 1627 2421 iibrig
1657 2367 1787 2419 litut,
1827 2366 1893 2407 ale
1932 2368 2002 2408 die
2039 2366 2310 2423 Erinnerung
2347 2381 2404 2409 au

179 2445 248 2483 die
290 2453 547 2494 genos-renen
583 2437 798 2484 Freuden3
840 2438 942 2478 aber
980 2435 1086 2476 auch
1120 2436 1197 2475 das
1235 2433 1338 2473 Be‘ld
1371 2446 1544 2472 temeret·
1582 2431 1742 2473 Schuld
1776 2433 1954 2485 geleilet
1989 2446 2064 2472 mes
2103 2432 2275 2473 hiniiber
2315 2436 2402 2475 und

179 2506 313 2548 macla
342 2518 418 2545 mn
446 2506 544 2546 dort
570 2509 724 2557 effliges
761 2502 927 2544 Weke.“

293 2569 417 2612 Nihil
449 2583 532 2611 non
571 2569 641 2610 hic
682 2582 860 2625 prorsus
901 2566 1023 2609 aliud
1064 2573 1155 2617 est,
1202 2577 1325 2616 quam
1370 2562 1482 2615 quod
1523 2576 1693 2605 carmen
1737 2561 1936 2603 exhibet.
1997 2560 2067 2604 lbi
2104 2564 2218 2604 enim
2262 2576 2403 2616 neque

182 2637 362 2680 verbum
398 2636 664 2687 „fruendi‚“
707 2648 846 2689 neque
886 2635 1025 2673 forma
1064 2632 1339 2681 imperativi,
1386 2628 1448 2669 ibi
1490 2628 1608 2669 nihil
1649 2626 1958 2667 adverbiorum
1997 2627 2234 2679 „hilariter
2274 2634 2403 2682 atque

182 2705 366 2753 caste‚“
406 2698 519 2739 nihil
550 2701 605 2741 de
644 2700 781 2741 celeri
817 2708 1012 2748 morte,
1056 2698 1132 2738 sed
1176 2695 1312 2737 celeri
1354 2696 1506 2734 vitae
1546 2707 1729 2744 cursu,
1774 2692 1839 2733 ibi
1869 2693 1932 2733 nil
1966 2695 2020 2733 de
2057 2693 2226 2734 celeri
2266 2706 2402 2736 morte

182 2770 259 2812 sed
311 2768 364 2809 de
414 2764 772 2807 inevitabili.
846 2762 931 2806 Ubi
980 2767 1106 2815 poeta
1155 2760 1352 2802 dilucide
1409 2758 1658 2814 significat,
1715 2760 1894 2800 omnia
1949 2772 2050 2800 esse
2100 2757 2402 2816 relinquenda,

181 2835 294 2876 unde
324 2845 407 2873 non
439 2838 525 2871 tam
555 2830 843 2882 concludere,
880 2842 1005 2885 quam
1036 2830 1207 2868 variata
1245 2827 1459 2876 dictione,
1496 2827 1546 2879 (i.
1578 2839 1616 2865 e.
1648 2826 1733 2876 ita,
1766 2833 1832 2875 ut,
1872 2825 1985 2880 quod
2017 2825 2212 2879 positive
2242 2827 2401 2867 dictum

1791 2891 1820 2930 2
