2677 3370
1258 36 1311 78 15

168 179 467 229 praeterquam
496 171 610 228 quod
648 174 692 213 et
722 170 843 224 ipsos
874 176 1043 222 oportet
1072 176 1234 210 natos
1265 182 1388 221 esse,
1418 169 1449 210 i.
1486 181 1526 211 e.
1558 169 1727 224 ingenii
1756 167 1987 212 alacrioris
2019 179 2062 212 et
2091 172 2320 216 ferocioris
2352 175 2398 215 vi

171 239 397 294 praeditos
410 260 431 290 ,·
461 246 604 278 tamen
633 243 678 276 et
706 235 845 276 facti
877 242 995 275 recte
1034 234 1124 275 dici
1152 241 1379 285 poterunt,
1410 235 1569 288 quippe
1598 236 1673 290 qui
1703 235 1756 275 ad
1785 234 1911 276 illam
1941 250 1968 277 a
1996 245 2151 279 natura
2180 248 2399 290 acceptam

173 302 367 345 indolem
412 302 601 344 afferant
650 301 781 342 etiam
820 299 1060 341 doctrinam
1107 302 1237 351 atque
1281 298 1573 341 eruditionem
1626 308 1670 341 et
1716 300 1854 344 studii
1896 301 2166 344 industriam.
2203 305 2401 360 artisque

177 367 474 425 diligentiam,
510 368 577 407 ita
605 374 653 406 ut
688 364 776 406 sibi
806 378 974 416 semper
1003 365 1111 406 certi
1153 364 1381 418 cujusdam
1410 364 1588 405 consilii
1626 366 1742 420 quod
1791 375 2032 422 sequantur
2088 369 2179 409 sint
2216 371 2400 422 conscii,

179 443 310 491 atque
327 434 384 475 ad
412 433 457 474 id
473 433 609 473 totius
624 432 828 472 carminis
846 438 980 470 artem
998 430 1330 472 accommodent.
1389 429 1458 472 Ad
1475 429 1608 484 hujus
1625 435 1770 471 autem
1787 434 1968 485 generis
1986 441 2139 487 poetas
2162 434 2398 476 Horatium

178 499 416 542 retulerim.
473 497 521 538 Si
543 497 771 552 quisquam
790 494 931 547 alius,
963 494 1046 537 hic
1068 503 1229 546 poeta
1258 495 1280 535 f
1286 496 1386 547 uit,
1416 497 1518 547 quia
1540 499 1670 550 poeta
1685 509 1784 537 esse
1814 495 2009 546 voluit,
2039 498 2135 540 sive
2156 513 2205 540 se
2223 508 2400 555 poetam

182 574 225 607 et
255 565 363 606 fecit
395 570 441 604 et
469 561 632 613 ubique
662 573 711 602 se
740 569 911 616 poetam
937 568 1165 615 praestare
1196 560 1383 602 studuit.
1441 559 1589 610 Quare
1608 573 1694 601 non
1719 559 1862 602 solum
1880 563 1938 617 ‘in
1957 562 2110 604 multis
2133 565 2399 608 carminibus

178 632 291 672 hano
319 632 457 682 ipsam
486 629 711 669 materiam
741 635 917 677 tractat,
949 627 1027 667 sed
1060 627 1189 666 etiam
1219 625 1420 668 omnibus
1450 630 1513 668 ita
1540 626 1783 681 subjectam
1807 627 1960 680 habet,
1991 637 2040 669 ut
2069 628 2229 685 ubique
2259 634 2398 687 signi-

179 696 312 739 ficare
343 695 567 746 videatur,
599 707 694 735 eum
726 691 1020 735 tantummodo
1051 693 1127 748 qui
1156 692 1227 734 sit·
1243 701 1375 748 poeta
1404 693 1467 734 sic
1498 694 1688 745 sentire,
1719 706 1921 744 cernere,
1950 695 2171 751 cogitare,
2202 710 2398 751 sperare,

175 761 648 818 judicare,'suadere,
686 758 866 813 jubere,
909 758 1154 810 adhortari,
1201 759 1382 810 docere,
1425 757 1668 810 consolari,
1719 761 1968 801 vaticinari.
2035 760 2214 803 Poetam
2257 772 2399 806 autem

181 843 282 870 esse
326 829 415 882 ipsi
454 835 547 868 erat
586 827 732 867 facere
771 826 916 865 omnia
953 824 1036 865 illa
1077 833 1197 866 recte
1245 824 1322 866 vel
1359 826 1507 878 potius
1556 826 1720 878 optime
1766 827 1796 865 i.
1837 840 1877 866 e.
1928 826 2143 878 perfecte,
2195 837 2400 879 quantum

181 894 226 935 id
266 892 319 935 ab
360 891 547 933 hominis
592 891 811 945 sapientia
855 904 905 931 ac
951 892 1232 941 temperantia
1269 894 1314 931 et
1358 890 1654 931 moderatione
1701 888 1801 931 fieri
1848 892 2006 945 possit.
2064 891 2223 934 Posset
2270 895 2400 936 etiam

184 959 288 1000 aliis
332 957 480 999 verbis
521 957 632 1007 dici,
663 964 834 1010 poetam
865 955 1050 996 Horatio
1079 957 1224 996 visum
1253 956 1396 1011 fuisse
1433 956 1729 996 tantummodo
1763 970 1860 996 eum
1890 958 1966 1008 qui
1994 966 2321 1012 praeceptorem
2350 973 2399 1002 ac

182 1026 400 1067 doctorem
422 1038 471 1065 se
491 1030 735 1074 praestaret
753 1020 999 1076 aequalium
1032 1034 1233 1074 suorum,
1264 1026 1392 1076 atque
1422 1022 1479 1062 iis
1498 1030 1647 1062 auctor
1676 1030 1796 1062 esset
1826 1021 2113 1064 consiliorum
2142 1025 2187 1064 in
2210 1026 2400 1067 omnium

182 1104 326 1133 rerum
373 1086 698 1131 conditionibus
739 1088 1186 1141 sapientissimorum,
1222 1088 1503 1139 optimorum,
1543 1086 1893 1128 utilissimorum.
1953 1087 2189 1141 Propterea
2228 1090 2401 1132 solebat

181 1161 374 1198 intentus
417 1168 517 1196 esse
564 1152 765 1194 omnibus
805 1151 963 1204 rebus,
1002 1166 1283 1208 quaecunque
1329 1154 1548 1207 gravioris
1587 1154 1792 1194 momenti
1830 1153 2012 1205 fierent,
2060 1163 2106 1195 et
2146 1154 2399 1208 observare,

181 1236 284 1264 num
325 1220 536 1277 prodesse
576 1226 619 1260 et
654 1218 870 1260 delectare
908 1227 1060 1273 posset
1097 1231 1282 1270 poeseos
1319 1216 1484 1258 lumine
1523 1216 1620 1258 illis
1651 1216 1783 1258 rebus
1832 1232 2029 1261 accenso.
2089 1219 2218 1268 Quod
2267 1223 2397 1264 initio

181 1288 353 1345 quidem
397 1288 460 1327 ita
500 1285 661 1326 factum
703 1297 802 1325 esse
846 1286 1031 1335 scimus,
1077 1288 1147 1335 ut,
1199 1297 1326 1335 quum
1376 1281 1465 1324 sibi
1508 1284 1603 1334 ipse
1656 1283 1845 1323 nondum
1896 1286 2005 1325 satis
2033 1286 2291 1329 confideret
2342 1289 2396 1329 ad

185 1354 477 1410 cogitationes
522 1358 679 1404 suopte
729 1351 908 1404 ingenio
960 1349 1292 1404 concipiendas,
1353 1363 1429 1390 eas
1486 1349 1766 1402 potissimum
1815 1362 1887 1389 res
1952 1357 2181 1401 tractaret,
2236 1351 2395 1406 quibus

182 1435 292 1476 quac
335 1417 648 1460 sententiarum
691 1414 764 1456 vel
806 1415 1041 1457 dictionum
1087 1429 1249 1471 genera
1289 1429 1347 1456 ex
1392 1415 1563 1470 graecis
1614 1413 1880 1455 carminibus
1923 1415 2066 1469 ipsius
2118 1418 2263 1458 animo
2322 1418 2400 1460 ob-

181 1484 466 1527 versabantur
496 1481 706 1523 facillime
737 1482 1008 1522 accomodari
1039 1496 1170 1536 posse
1200 1480 1511 1532 intellexerat,
1543 1480 1679 1521 donec
1719 1479 1930 1534 paulatim
1969 1495 2135 1522 summa
2164 1482 2401 1538 diligentia

182 1551 464 1593 exercitatior
493 1548 633 1588 factus
663 1550 787 1598 quasi
818 1548 958 1601 magis
1000 1546 1072 1587 vel
1109 1548 1285 1601 proprio
1322 1545 1466 1587 Marte
1502 1544 1575 1586 vel
1611 1545 1795 1586 fautrice
1834 1544 2038 1586 Minerva
2073 1561 2153 1587 sua
2191 1561 2323 1589 sensa
2358 1558 2402 1590 et

181 1618 375 1673 cogitata
416 1615 510 1656 suis
561 1611 708 1654 verbis
748 1626 967 1667 exponere
1009 1612 1202 1653 auderet.
1259 1611 1329 1653 Ex
1378 1610 1447 1652 his
1487 1608 1689 1652 omnibus
1741 1611 1888 1652 causis
1928 1620 2048 1652 recte
2083 1612 2399 1667 judicabimus,

180 1684 410 1726 Horatium
445 1677 614 1721 nullum
643 1691 814 1719 carmen
845 1680 934 1719 nisi
963 1679 1258 1720 occasione
1288 1676 1436 1732 aliqua
1466 1676 1539 1718 vel
1569 1675 1719 1717 oblata
1760 1675 1831 1717 vel
1871 1685 2047 1731 arrepta
2084 1681 2398 1732 composuisse,

182 1762 307 1802 quam
350 1745 543 1798 quidem,
597 1743 704 1785 licet
732 1757 829 1784 -non
867 1743 1026 1800 ubique
1061 1750 1208 1795 aperte
1250 1743 1479 1797 proposita
1519 1743 1602 1793 sit,
1655 1742 1732 1783 sed
1784 1744 1931 1796 potius
1973 1741 2045 1783 hic
2085 1743 2182 1784 illic
2224 1743 2400 1787 obtecta

184 1830 234 1857 ac
283 1814 408 1866 quasi
462 1809 716 1852 abscondsta
778 1809 938 1861 lateat,
992 1819 1158 1859 tamen,
1218 1810 1258 1849 si
1320 1816 1436 1848 recte
1495 1809 1795 1861 quaesiveris,
1853 1807 2106 1863 plerumque
2177 1810 2398 1854 invenies.

183 1881 278 1922 Hac
301 1887 444 1920 autem
473 1876 701 1917 occasione
731 1880 847 1915 recte
878 1876 1056 1914 inventa
1085 1874 1216 1914 etiam
1247 1870 1546 1912 consilium
1578 1873 1828 1925 primarium
1858 1880 1987 1926 atque
2017 1874 2160 1925 ideam
2191 1888 2398 1917 summam

187 1944 365 1986 facilius
395 1942 666 1995 investigare
694 1940 948 1990 poterimus.
1009 1938 1095 1978 Sed
1125 1939 1360 1988 requiritur
1395 1936 1449 1976 ad
1488 1935 1569 1976 hoc
1607 1938 1832 1990 negotium
1861 1938 1944 1977 rite
1973 1938 2279 1980 facessendum
2310 1954 2398 1981 non

185 2011 326 2052 solum
357 2009 526 2048 animus
556 2005 610 2046 ad
641 2004 750 2046 hanc
779 2018 871 2045 rem
899 2005 1091 2044 maxime
1122 2004 1316 2043 intentus
1356 2005 1399 2041 et
1426 2001 1659 2054 praecipue
1697 2000 1971 2056 aequabilior
2001 2005 2196 2044 >omnium
2227 2006 2398 2059 ingenii

183 2076 402 2126 animique
432 2073 590 2113 virium
614 2083 879 2120 consensus,
910 2069 987 2109 sed
1012 2069 1142 2109 etiam
1169 2076 1339 2121 tempus
1364 2065 1464 2106 huic
1488 2065 1760 2106 meditationi
1790 2075 2075 2120 opportunum
2106 2070 2195 2108 otio
2218 2069 2397 2112 facilius

181 2140 378 2183 oblatum
409 2151 533 2190 quam
563 2136 766 2192 negotio,
805 2149 890 2191 quo
926 2133 1112 2175 alterum
1141 2141 1244 2188 post
1272 2130 1456 2172 alterum
1486 2144 1659 2172 carmen
1690 2132 1815 2187 quasi
1853 2145 1939 2173 uno
1974 2137 2125 2174 tenore
2163 2132 2400 2190 legendum

180 2205 539 2258 tractandumque
576 2201 658 2244 tibi
691 2202 948 2256 sumpseris.
1008 2198 1219 2247 Quamvis
1258 2199 1371 2239 enim
1409 2197 1554 2237 omnia
1598 2199 1789 2238 carmina
1842 2199 2016 2239 omnino
2065 2200 2267 2253 ejusdem
2311 2204 2402 2243 sint

184 2273 387 2329 generis,
432 2269 562 2323 lyrici
604 2268 727 2318 dico,
774 2274 938 2317 tamen,
987 2279 1116 2321 quum
1159 2262 1337 2319 singula
1377 2271 1505 2317 poeta
1546 2260 1639 2302 alia
1680 2263 1907 2304 occasione
1953 2262 2104 2306 oblata
2146 2265 2240 2306 alio
2294 2281 2399 2322 quo-

186 2340 281 2381 dam
318 2337 454 2378 animi
495 2336 655 2377 affectu
695 2331 908 2385 impulsus
952 2331 1270 2383 composuerit,
1317 2328 1524 2380 aliudque
1561 2326 1651 2368 alio
1690 2336 1881 2380 tempore
1927 2328 2009 2372 alii
2052 2345 2268 2386 personae
2306 2331 2397 2373 alio

180 2402 371 2447 consilio
401 2401 715 2451 destinaverit,
753 2407 841 2439 tam
877 2398 991 2438 varii
1029 2411 1078 2439 ac
1115 2394 1374 2450 multiplicis
1413 2395 1590 2449 generis
1622 2402 1748 2445 sunt,
1793 2400 1839 2435 ut
1875 2408 1929 2436 ne
1961 2396 2189 2437 simillima
2220 2397 2397 2450 quidem

183 2469 311 2519 plane
337 2467 490 2507 eadem
520 2468 631 2515 sint,
662 2465 740 2504 sed
770 2463 1099 2517 unumquodque
1129 2475 1207 2515 pro
1237 2473 1317 2500 suo
1335 2468 1551 2512 tempore,
1582 2458 1795 2509 consilio,
1826 2463 2053 2500 occasione
2077 2458 2236 2500 habeat
2266 2475 2395 2502 suum

182 2534 319 2576 animi
349 2531 576 2583 affectum,
605 2529 811 2572 dictionis
841 2526 1055 2581 colorem,
1085 2525 1345 2569 elocutionis
1377 2537 1540 2580 genus,
1570 2523 1755 2577 ideoque
1785 2525 1913 2565 etiam
1940 2522 2136 2579 postulet
2166 2539 2287 2568 suam
2316 2541 2398 2570 ex-

183 2597 377 2652 plicandi·
401 2597 515 2636 viam
544 2610 596 2638 ac
623 2596 850 2636 rationem.

292 2662 387 2702 Jam
412 2674 544 2711 quum
572 2670 767 2702 nostrum
797 2672 968 2699 carmen
999 2659 1052 2699 ad
1084 2671 1135 2698 ea
1162 2658 1399 2709 pertineat,
1431 2654 1484 2694 de
1515 2656 1639 2708 cujus
1677 2655 1908 2706 occasione
1948 2669 1997 2696 ac
2035 2655 2222 2696 consilio
2261 2670 2399 2713 aeque

187 2744 241 2771 ac
268 2729 322 2770 de
350 2728 560 2779 persona,
591 2740 714 2778 quam
746 2737 874 2781 poeta
903 2722 1168 2776 alloquitur,
1207 2720 1335 2764 nobis
1364 2719 1540 2762 aliunde
1570 2717 1683 2761 nihil
1713 2727 1913 2762 constare
1943 2720 2091 2762 dicunt
2121 2721 2398 2776 interpretes,

187 2797 312 2836 ineo
337 2790 601 2847 explicando
633 2791 764 2833 hanc
793 2791 984 2833 maxime
1013 2789 1182 2845 legem
1211 2785 1526 2830 observandam
1550 2798 1650 2827 esse
1677 2784 1894 2838 arbitror,
1924 2799 2010 2842 qua
2036 2788 2183 2842 quivis
2215 2790 2399 2841 scriptor
