2677 3370
1274 95 1303 137 5

184 223 281 278 eum
298 232 544 291 prohibuit,
565 232 815 284 quominus,
847 229 949 282 quid
971 226 1061 270 sibi
1080 229 1222 274 visum
1243 229 1302 270 sit
1317 228 1372 269 de
1394 228 1591 284 cujusvis
1610 230 1811 271 carminis
1835 229 1984 272 indole
2001 244 2050 272 ac
2066 236 2235 285 natura,
2251 233 2380 278 nobis

185 309 441 357 exponeret.
496 297 544 340 Id
581 299 697 339 enim
738 297 924 338 forsitan
958 294 1086 337 nobis
1121 307 1209 336 non
1244 296 1518 347 reticuisset,
1560 298 1649 337 nisi
1686 296 1800 338 haud
1839 296 1970 339 dubie
2005 298 2382 355 interpolationem

183 367 323 412 solam
354 375 397 411 et
424 362 628 408 attulisse
663 361 967 406 difficultatem
1002 359 1254 405 intellectus
1287 367 1332 405 et
1366 362 1648 415 impedivissc
1681 377 1938 407 consensum
1974 366 2257 419 interpretum
2294 368 2381 411 sibi

179 445 434 492 persuasum
465 430 644 472 haberet
672 430 859 482 indeque
890 438 1132 482 sperasset,
1175 430 1518 472 emendationem
1543 428 1683 470 solam
1711 428 1942 471 allaturam
1971 445 2070 473 esse
2099 443 2214 476 recte
2247 434 2379 477 intel-

181 500 351 557 ligendi
378 501 685 541 necessitatem
716 505 759 538 et
787 496 1091 552 impedituram
1119 496 1366 537 dissensum
1391 497 1687 551 interpretum.
1746 497 1832 538 Sed
1854 498 2204 553 quemadmodum
2221 516 2379 543 versus

182 566 323 623 spurii
351 564 555 623 genuinis
585 563 855 617 intermixti,
884 564 974 605 nisi
1001 562 1116 605 forte
1145 562 1275 604 nimis
1299 562 1438 620 inepti
1455 567 1579 616 sunt,
1608 571 1794 606 nontam
1814 577 2072 607 consensum
2095 566 2378 623 interpretum

180 633 448 687 impediunt,
478 644 603 686 quam
631 630 787 672 falsam
816 639 980 671 tantum
999 629 1258 670 sententiam
1287 630 1318 670 i.
1349 644 1387 670 e.
1417 629 1574 681 aliam,
1605 643 1730 681 quam
1759 644 1867 686 quae
1897 644 2000 672 vere
2029 645 2055 671 a
2075 641 2204 686 poeta
2224 647 2376 688 propo-

183 700 269 742 sita
297 707 387 751 est,
423 696 653 754 praebent,
689 698 752 740 ita
780 699 910 739 etiam
939 696 1141 738 carminis
1172 695 1412 737 emendatio
1442 711 1524 737 non
1556 705 1639 737 tam
1671 697 1914 738 dissensum
1941 699 2121 753 impedit
2140 698 2210 740 vel
2243 701 2376 754 tollit,

181 780 307 823 quam
345 766 450 807 facit
479 773 666 818 tantum,
702 773 749 805 ut
785 776 897 805 nunc
934 776 1038 804 vera
1077 764 1293 805 sententia
1322 764 1510 806 inveniri
1537 765 1696 821 possit;
1735 774 1780 806 ut
1810 769 1951 806 autem
1982 779 2085 808 vere
2115 767 2374 822 inveniatur,

181 834 368 874 nondum
399 833 550 874 efficit.

292 898 436 949 Quare
465 901 710 941 etiamnunc
738 911 822 939 non
852 898 993 940 minus
1024 899 1067 939 in
1098 899 1301 953 genuinis
1319 912 1443 954 quam
1464 900 1507 940 in
1532 899 1771 940 emendatis
1793 899 2055 941 carminibus
2080 909 2123 941 et
2146 910 2213 943 est
2233 910 2276 943 et
2294 906 2375 944 erit

181 965 264 1008 illa
296 968 574 1018 interpretum
605 965 912 1019 discrepantia.
970 962 1133 1005 lterum
1169 965 1305 1020 igitur
1339 978 1469 1006 causa
1507 964 1637 1019 hujus
1676 967 1740 1006 rei
1772 980 1822 1006 eo
1852 965 2038 1007 consilio
2070 968 2377 1024 investiganda

181 1043 267 1082 est,
299 1042 344 1073 ut
374 1039 685 1087 cognoscatur,
714 1044 817 1071 num
845 1030 956 1071 forte
986 1044 1119 1071 causa
1147 1031 1322 1072 inventa
1351 1033 1478 1072 etiam
1509 1045 1661 1072 novam
1691 1033 1804 1072 viam
1835 1041 2069 1085 monstret,
2099 1047 2181 1086 qua
2210 1034 2291 1076 hae
2310 1038 2375 1076 in-

178 1100 502 1142 commoditates
532 1098 668 1139 minui
695 1098 874 1150 possint.
929 1097 998 1140 Ad
1036 1111 1209 1140 causam
1244 1106 1386 1139 autem
1422 1099 1723 1139 inveniendam
1747 1100 1837 1152 jam
1868 1098 1994 1140 nobis
2025 1101 2086 1141 ita
2116 1102 2373 1143 concluden-

177 1167 279 1207 dum
310 1179 408 1206 esse
438 1171 633 1216 apparet,
662 1171 709 1203 ut
739 1163 949 1204 dieamus2
993 1177 1122 1215 quum
1150 1162 1277 1215 culpa
1306 1176 1391 1204 non
1412 1162 1595 1215 amplius
1626 1166 1684 1204 sit
1712 1165 1756 1205 in
1780 1174 1907 1206 textu
1928 1168 2187 1220 carminum,
2218 1169 2374 1224 quippe

178 1234 251 1287 qui
283 1230 387 1272 olim
417 1230 588 1286 quidem
618 1238 876 1284 corruptus,
913 1244 1024 1269 nunc
1053 1239 1195 1270 autem
1226 1230 1475 1270 emendatus
1506 1232 1587 1280 sit,
1627 1229 1793 1280 culpam
1813 1233 1907 1284 ,jam
1936 1234 2119 1286 positam
2150 1248 2251 1275 esse
2289 1248 2373 1275 non

177 1311 309 1354 posse
331 1298 418 1338 nisi
440 1304 513 1337 aut
542 1297 586 1336 in
616 1304 765 1350 poeta,
794 1296 930 1336 autin
959 1297 1215 1347 interprete,
1245 1303 1320 1337 aut
1349 1297 1394 1336 in
1424 1304 1619 1347 utroque.
1676 1295 1818 1347 Atque
1847 1311 1918 1337 res
1949 1311 2051 1338 vere
2073 1300 2135 1339 ita
2153 1314 2199 1340 se
2227 1299 2370 1342 babet.

179 1363 376 1419 Namque
412 1361 740 1413 Peerlkampius
777 1366 893 1403 recte
931 1361 1103 1417 quidem
1139 1366 1183 1401 et
1217 1368 1346 1416 negat
1382 1360 1611 1403 Horatium
1650 1361 1833 1403 obscure
1871 1363 2102 1414 scripsisse
2151 1372 2193 1405 et
2231 1365 2373 1407 noluit

178 1432 438 1486 interpretes
464 1429 743 1470 doctissimos
765 1429 966 1469 inscitiae
989 1426 1059 1468 vel
1082 1428 1356 1483 ignorantiae
1380 1429 1602 1477 incusare3
1633 1429 1708 1470 sed
1728 1430 1767 1470 si
1790 1438 1833 1470 et
1863 1428 1986 1470 illam
2015 1432 2153 1472 omnis
2183 1446 2371 1487 poeseos

177 1497 386 1549 indolem,
416 1504 459 1538 et
488 1496 653 1537 variam
681 1494 806 1538 illam
834 1497 1023 1537 omnium
1052 1493 1271 1537 bominum
1300 1497 1488 1537 carmina
1517 1495 1754 1552 legentium
1777 1505 1818 1537 et
1841 1496 2155 1548 explicantium
2174 1509 2372 1543 naturam

176 1565 467 1620 reputaverit,
497 1563 699 1615 facilius,
729 1562 937 1614 arbitror,
968 1562 1196 1614 concedet,
1227 1564 1383 1619 partim
1405 1564 1544 1618 ipsam
1566 1564 1771 1604 carminis
1800 1571 1842 1604 et
1873 1563 2018 1605 aliena
2039 1563 2191 1620 lingua
2219 1569 2372 1622 scripti

175 1637 218 1671 et
248 1645 316 1671 res
347 1632 524 1670 nimium
553 1639 738 1669 remotas
769 1631 1027 1680 exponentis
1056 1637 1252 1669 naturam
1281 1630 1487 1685 quasdam
1516 1629 1806 1676 obscuritates
1837 1632 2017 1682 afferre,
2054 1633 2206 1682 partim
2247 1636 2369 1688 ipsos

174 1700 455 1749 interpretes,
485 1698 656 1738 etiamsi
686 1698 774 1737 sint
803 1696 1065 1746 doctissimi,
1093 1701 1235 1736 tamen
1265 1695 1402 1736 multa
1431 1695 1520 1736 alia
1548 1695 1772 1750 culparum
1794 1711 1954 1750 genera
1977 1699 2202 1738 admittere
2222 1714 2368 1752 posse,

176 1763 322 1818 qualia
361 1768 463 1804 sunt
496 1760 791 1818 negligentia,
834 1763 1029 1815 incuria,
1074 1761 1287 1803 subitaria
1325 1763 1553 1818 cogitatio,
1596 1764 1942 1815 praetermissio,
1986 1778 2127 1816 error,
2174 1766 2368 1808 eruditio

176 1833 359 1882 denique
389 1831 570 1870 forsitan
608 1829 659 1868 ad
696 1830 837 1868 omnia
878 1828 967 1868 alia
1003 1829 1222 1868 doctrinae
1265 1841 1425 1883 genera
1461 1829 1623 1880 aptior,
1661 1842 1785 1880 quam
1820 1830 1872 1869 ad
1913 1843 2118 1870 summam
2162 1834 2366 1875 carminis

176 1899 431 1940 sententiam
462 1901 505 1936 et
534 1896 742 1949 poeticam
772 1893 961 1935 indolem
992 1894 1300 1945 exponendam.

283 1963 377 2004 Jam
407 1975 510 2003 vero
540 1974 708 2002 carmen
740 1959 806 2011 ll,
839 1962 889 2002 14
916 1958 1024 2001 mihi
1052 1960 1321 2000 tractandum
1351 1961 1526 2011 sumpsi.
1585 1959 1702 2001 Illud
1728 1962 1771 2001 in
1794 1963 1851 2002 iis
1870 1971 1960 2013 est,
1991 1977 2098 2018 quae
2114 1963 2365 2007 Peerlkam-

174 2033 274 2087 pius
294 2031 485 2085 genuina
506 2041 605 2069 esse
626 2029 809 2067 censuit.
857 2025 995 2081 Cujus
1016 2028 1220 2072 carminis
1250 2039 1354 2066 vera
1384 2027 1597 2067 sententia
1627 2027 1666 2067 si
1695 2028 1880 2068 nondum
1911 2029 2088 2070 inventa
2116 2044 2214 2071 esse
2246 2032 2364 2073 vide-

173 2097 314 2148 bitur,
345 2110 476 2138 causa
503 2093 576 2136 vel
604 2096 649 2135 in
679 2095 963 2148 interpretum
994 2092 1144 2147 culpa,
1182 2092 1253 2134 vel
1283 2095 1327 2134 in
1358 2094 1455 2147 ipsa
1483 2093 1687 2134 dictionis
1719 2093 1881 2135 latinae
1912 2104 1954 2135 et
1988 2098 2181 2147 poeticae
2209 2107 2366 2140 natura

172 2163 415 2221 quaerenda
442 2162 539 2203 erit.

283 2230 471 2271 Primum
500 2229 638 2284 igitur
663 2229 745 2279 iis,
775 2241 883 2280 quae
904 2228 1161 2278 interpretes
1183 2228 1431 2279 peccavisse
1454 2226 1706 2278 videantur,
1738 2229 1957 2282 expositis
1981 2228 2169 2271 arbitror
2190 2231 2367 2275 facilius

174 2296 367 2353 intelligi
396 2310 546 2349 posse,
586 2310 669 2351 qua
698 2296 769 2335 via
799 2294 1130 2349 ingrediendum
1161 2295 1219 2334 sit
1247 2294 1299 2333 ad
1329 2306 1496 2333 carmen
1534 2302 1650 2334 recte
1686 2303 1728 2334 et
1767 2294 2098 2350 intelligendum
2139 2307 2182 2338 et
2221 2299 2366 2353 expli-

174 2364 368 2405 candum.
428 2359 573 2411 Quare
602 2363 694 2415 jam
724 2374 971 2403 recenseam
1001 2367 1253 2416 argumenta
1281 2360 1326 2401 in
1356 2360 1413 2400 iis
1436 2358 1701 2401 editionibus
1722 2362 1955 2403 carminum
1985 2365 2227 2418 proposita,
2257 2379 2364 2416 quae

151 2430 278 2471 -mihi
309 2431 352 2470 in
384 2438 580 2483 promptu
611 2427 801 2469 fuerunt.

284 2495 556 2537 Brevissima
584 2495 709 2550 quasi
740 2502 994 2548 argumenta
1023 2502 1124 2535 sunt
1152 2493 1475 2534 vetustissimae
1504 2491 1613 2534 illae
1644 2495 1972 2548 inscriptiones,
2002 2508 2109 2549 quas
2142 2510 2165 2535 e
2196 2494 2361 2538 Braun-

175 2561 298 2603 hardi
318 2562 508 2603 editione
538 2561 695 2602 refero.
753 2558 819 2600 lbi
850 2569 918 2602 est
947 2560 1171 2613 inscriptio
1196 2557 1399 2601 Mentelii
1430 2557 1521 2611 „de
1553 2558 1823 2602 brevitate
1853 2561 1966 2601 vita
1979 2564 2049 2601 e.“
2109 2561 2268 2604 Eadem
2298 2569 2366 2605 est

174 2629 364 2670 Landini
393 2630 436 2667 in
467 2628 785 2668 commentariis
816 2626 995 2667 editioni
1019 2626 1269 2667 Basileensi
1297 2639 1337 2666 a.
1370 2628 1473 2667 1555
1502 2626 1689 2677 additis,
1719 2634 1761 2665 et
1792 2623 1898 2666 Cod.
1931 2625 2088 2679 Goth„
2128 2631 2199 2680 qui
2232 2628 2365 2673 habet

175 2696 275 2745 „de
306 2692 466 2735 brevi
502 2696 664 2734 vita.“
722 2693 806 2734 Hic
835 2694 972 2747 igitur
1001 2695 1111 2733 ratio
1140 2692 1290 2733 habita
1317 2700 1384 2733 est
1412 2693 1541 2733 unius
1570 2692 1695 2732 illius
1727 2694 1868 2743 vocis,
1899 2706 1981 2744 qua
2011 2708 2050 2734 v.
2080 2696 2135 2734 24
2164 2695 2366 2739 dominus

176 2759 367 2801 brevis
397 2767 597 2819 vocatur,
628 2774 766 2815 neque
796 2760 891 2813 ejus
921 2767 1037 2800 recte
1067 2757 1329 2799 intellectae.
1385 2757 1493 2800 Nam
1524 2759 1694 2798 etiamsi
1711 2759 2017 2811 concedamus,
2048 2761 2265 2802 dominum
2286 2763 2366 2805 hoc

176 2826 274 2869 loco
297 2825 473 2868 brevem
493 2826 579 2866 dici
603 2825 740 2867 simili
760 2839 916 2878 sensu,
946 2838 1028 2878 quo
1047 2824 1111 2877 11,
1143 2825 1215 2878 13,
1243 2826 1272 2869 3
1292 2839 1393 2868 rosa
1411 2823 1556 2867 brevis
1579 2832 1621 2866 et
1641 2822 1677 2877 1,
1704 2825 1774 2877 36,
1798 2827 1850 2867 16
1871 2824 2014 2867 lilium
2042 2826 2171 2869 breve
2190 2830 2364 2882 dicitur,

175 2904 317 2935 tamen
348 2906 431 2933 non
463 2892 589 2945 plane
620 2893 769 2933 eodem
802 2906 933 2934 sensu
963 2892 1134 2933 videtur
1163 2893 1360 2934 dominus
1391 2890 1600 2948 appellari
1622 2905 1751 2946 posse
1772 2891 1932 2935 brevis.
1991 2892 2065 2943 llli
2097 2895 2209 2938 enim
2235 2896 2365 2939 flores

168 2971 283 3004 recte
300 2962 501 3003 dicuntur
519 2959 695 3012 breves,
725 2966 935 3015 quatenus
958 2974 1041 3001 non
1071 2960 1144 3001 diu
1167 2961 1365 3011 fuerunt,
1395 2959 1466 3000 vel
1495 2969 1705 3011 quatenus
1740 2969 1933 3012 tempus,
1966 2976 2044 3017 per
2066 2965 2178 3014 quod
2201 2964 2367 3013 florent,

1769 3028 1813 3071 ,t
