2677 3370
181 170 254 241 vel
295 194 406 249 quae
434 204 602 235 summa
631 190 848 233 sententia
877 188 1047 241 quodve
1075 185 1220 229 thema
1248 187 1542 242 propositum,
1571 198 1660 227 uno
1688 183 1852 237 verbo,
1881 196 1991 240 quae
2022 197 2125 225 vera
2143 183 2206 226 sit
2233 183 2387 224 carmi·

178 259 452 304 nis-indoles
481 272 531 299 ac
559 266 726 298 natura.
779 255 900 297 Haec
942 254 1088 296 omnia
1127 255 1169 296 si
1206 255 1307 310 quis
1350 253 1558 295 distincte
1600 256 1729 310 atque
1766 258 1967 294 accurate
2002 250 2299 306 proposuerit,
2339 248 2388 291 id

176 329 360 379 efficiet,
405 334 543 384 utne
578 326 708 365 nimis
748 321 881 364 dubia
925 322 1125 362 videatur
1161 322 1311 376 opinio
1348 320 1404 361 de
1440 319 1511 362 his
1550 318 1710 371 rebus,
1750 333 1829 361 nec
1868 320 2031 361 nimius
2068 318 2301 360 dissuasus
2326 318 2388 358 sit

180 394 253 437 vel
285 393 419 436 nimia
447 390 741 446 discrepantia
769 387 924 430 talium
951 389 1246 440 interpretum.

307 456 474 499 Verum
504 459 725 498 enimvero
755 468 839 496 non
870 454 1011 496 solum
1041 454 1088 494 hi
1117 455 1378 508 interpretes
1409 466 1538 505 saepe
1566 453 1722 494 mirum
1751 459 1955 508 quantum
1984 451 2100 492 inter
2138 465 2186 492 se
2214 451 2387 493 dissen-

179 528 318 575 t-iunt,
360 523 439 565 sed
468 523 598 564 etiam
628 521 708 563 alii
736 523 822 563 viri
852 521 1096 563 doctissimi
1126 528 1445 572 conqueruntur
1473 520 1529 561 de
1557 520 1694 559 nimia
1722 517 1988 560 difficultate
2031 532 2091 559 ex
2134 516 2215 559 hoc
2242 517 2383 559 illove

176 591 363 634 carmine
392 588 660 631 commodum
695 602 872 630 sensum
909 586 1144 639 eliciendi,
1184 594 1229 627 et
1257 586 1476 638 fatentur,
1514 599 1563 627 se
1603 586 1669 626 in-
1693 585 2000 627 constituenda
2038 584 2247 626 carminis
2281 585 2383 626 idea

176 655 265 699 sibi
294 658 414 708 ipsos
446 655 700 697 satisfacere
730 668 815 695 non
844 654 1060 709 potuisse.

288 720 417 772 Quod
445 735 575 778 quum
604 720 821 763 accideret
850 728 894 761 et
930 717 1408 775 Peerlkampio,⁸‘)
1435 719 1534 761 viro
1565 717 1845 770 doctissimo,
1877 718 1954 774 qui
1982 716 2217 759 Horatium
2240 717 2331 771 jam
2354 731 2381 758 a

263 923 298 967 ‘)
322 921 682 966 Peerlkampio‚
715 921 795 955 viro
841 930 915 955 non
936 920 1057 956 solum
1091 920 1300 955 acutissimi
1331 920 1476 965 ingenii
1510 919 1820 965 subtilissimique
1850 918 2005 964 judicii,
2037 918 2101 954 sed
2124 918 2259 961 etiam,
2289 917 2386 963 qnod

174 979 447 1017 hisssvirtutibus
468 977 614 1012 accedit
627 978 828 1010 maximum
845 976 968 1018 decus,
983 976 1142 1012 eximiae
1157 977 1425 1021 temperantiae
1443 979 1553 1021 atque
1573 975 1864 1010 amabilissimae
1881 974 2107 1016 modestiae,
2129 983 2202 1008 non
2218 973 2380 1018 reperio,

175 1034 305 1080 quibus
328 1033 452 1068 verbis
474 1032 567 1070 satis
591 1032 714 1075 dignis
746 1035 831 1066 utar
861 1033 908 1066 ad
938 1032 1241 1077 significandum,
1273 1033 1401 1077 quanti
1426 1043 1508 1067 eum
1531 1031 1681 1067 faciam.
1726 1031 1814 1066 lnde
1838 1031 1936 1065 enim
1960 1031 2007 1064 ab
2030 1040 2075 1065 eo
2097 1033 2285 1074 tempore,
2309 1038 2380 1074 quo

175 1091 214 1125 in
238 1089 471 1136 praefatione
494 1087 554 1124 vel
586 1088 710 1134 potius
748 1087 980 1123 dedicatione
1015 1088 1129 1133 Operi
1153 1087 1425 1123 absolutissimo
1449 1089 1662 1133 praemissa
1693 1089 1873 1134 cognovi,
1910 1091 2106 1133 quantam,
2140 1097 2249 1132 quam
2281 1085 2380 1120 inde·

175 1147 311 1182 fessam
330 1156 374 1179 ac
398 1148 614 1190 perpetuam
637 1154 787 1189 operam
811 1154 882 1177 non
905 1144 1042 1185 solum,
1067 1144 1164 1190 quod
1186 1153 1271 1178 raro
1296 1145 1356 1186 fit,
1382 1143 1466 1177 huic
1486 1145 1552 1177 uni
1570 1145 1764 1189 scriptori,
1787 1144 1850 1178 sed
1874 1145 2012 1187 etiam,
2036 1143 2132 1189 quod
2155 1144 2277 1177 rarius
2297 1142 2378 1176 lieri

175 1202 292 1244 solet,
316 1203 381 1235 uni
403 1200 526 1235 studio
544 1200 706 1244 ejusdem
729 1200 922 1245 scriptoris
946 1201 1159 1241 navaverit,
1184 1210 1293 1245 quam
1318 1200 1501 1245 insignem
1525 1201 1653 1235 inierit
1677 1200 1978 1234 consuetudinem
2002 1211 2086 1233 cum
2110 1201 2210 1234 omni
2243 1204 2379 1244 poetae

175 1258 366 1299 oratione,
389 1267 499 1303 quam
522 1256 585 1290 diu
608 1257 680 1291 sibi
702 1255 846 1290 diffisus
869 1256 942 1299 sit,
966 1266 1057 1301 quas
1080 1256 1324 1291 auctoritates
1355 1256 1517 1290 virorum
1542 1257 1580 1290 in
1605 1261 1687 1291 arte
1711 1256 1846 1290 critica
1869 1256 2195 1291 celeberrimorum
2226 1256 2376 1300 conqui-

175 1316 328 1356 εἰναι-ὴ,
353 1317 528 1359 quantam
551 1313 786 1358 diligentiam
819 1317 857 1348 et
880 1313 1135 1347 assiduitatem
1159 1313 1198 1346 in
1221 1312 1445 1357 colligendis
1468 1314 1701 1356 gravissimis
1724 1313 2035 1357 validissimisque
2057 1322 2208 1346 suarum
2231 1312 2380 1355 conjec-

173 1375 340 1405 turarum
370 1368 598 1414 argumentis
622 1367 853 1410 adhibuerit,
886 1378 995 1413 quam
1018 1372 1126 1403 caute
1149 1369 1188 1401 in
1211 1367 1281 1402 hac
1312 1368 1457 1403 lubrica
1487 1369 1550 1403 via
1580 1369 1767 1413 ingressus
1791 1369 1950 1414 undique
1974 1367 2304 1412 circumspexerit,
2329 1378 2374 1401 ne

173 1426 344 1470 vestigiis
374 1424 447 1458 nisi
477 1423 697 1458 certissimis
719 1425 929 1466 insisteret,
954 1425 1101 1469 quoties
1124 1423 1280 1469 denique
1303 1425 1342 1458 in
1365 1424 1469 1458 illum
1493 1435 1627 1458 nonum
1651 1425 1801 1458 Horatii
1836 1435 1971 1459 annum
2005 1434 2097 1469 opus
2127 1423 2378 1457 Horatianum

173 1481 371 1527 presserit,
401 1483 510 1514 tanta
529 1490 613 1514 mea
634 1478 710 1513 fuit
733 1481 922 1515 veneratio
949 1480 1034 1515 viri
1065 1490 1206 1515 summe
1231 1480 1443 1516 Venerandi
1464 1484 1641 1525 tantaque
1676 1480 1874 1514 admiratio
1907 1480 1993 1517 Viri
2026 1479 2235 1514 doctissimi
2265 1483 2377 1522 atque

173 1535 452 1576 humanissimi,
477 1539 527 1573 vut
549 1534 643 1569 nihil
667 1536 817 1580 aegrius
838 1535 1011 1577 tulerim,
1044 1546 1153 1580 quam
1176 1536 1272 1580 quod
1294 1537 1327 1571 is
1350 1536 1429 1579 vir,
1461 1546 1567 1581 quem
1599 1545 1740 1570 summo
1776 1547 1903 1571 amore
1932 1535 2232 1581 amplectendum
2263 1538 2377 1579 atque

174 1595 322 1637 promta
339 1590 475 1624 fiducia
495 1590 729 1624 salutandum
747 1591 862 1625 fuisse
882 1601 1095 1625 censueram
1108 1615 1118 1633 ‚
1142 1590 1203 1624 hic
1225 1591 1306 1626 illic
1325 1601 1398 1626 non
1416 1592 1513 1626 tanti
1529 1592 1721 1627 aestimari
1740 1592 1836 1633 vidi,
1862 1592 1990 1637 quanti
2001 1595 2104 1628 certe
2124 1594 2278 1636 propter
2291 1589 2381 1624 illas

172 1649 330 1683 virtutes
353 1650 529 1682 meretur.
576 1648 687 1692 Cujus
709 1647 765 1682 rei
791 1657 921 1681 causas
943 1648 1135 1692 aequiores
1158 1648 1431 1693 iniquioresque
1454 1649 1759 1684 animadvertisse
1782 1647 1874 1682 mihi
1897 1648 2035 1682 videor.
2081 1647 2234 1681 Illarum
2254 1646 2377 1681 altera

174 1703 266 1740 haec
285 1707 362 1745 est,
387 1702 484 1748 quod
506 1712 632 1738 omnes
655 1702 831 1739 libentius
853 1703 923 1737 sibi
947 1703 1144 1749 quidquam
1168 1704 1251 1738 novi
1276 1704 1359 1739 dari
1381 1703 1440 1740 vel
1471 1705 1616 1750 antiqui
1646 1705 1880 1746 conservari,
1914 1715 2022 1749 quam
2053 1704 2175 1748 abripi
2206 1707 2245 1738 et
2279 1702 2369 1736 tolli

174 1761 300 1795 vident
322 1769 415 1804 quae
433 1758 503 1792 diu*
513 1769 602 1793 cara
619 1758 781 1801 fuerunt,
805 1760 861 1792 ita
876 1763 918 1792 ut
938 1770 1033 1802 eum,
1059 1760 1120 1803 qui
1143 1759 1236 1793 illud
1251 1759 1403 1802 fecerit,
1427 1761 1549 1804 potius
1575 1762 1826 1795 restitutorem
1845 1771 1888 1794 ac
1913 1761 2193 1804 sospitatorem,
2219 1759 2282 1803 qui
2306 1757 2377 1792 hoc

177 1827 287 1852 ausus
310 1814 446 1857 fuerit,
471 1814 737 1850 destructorem
760 1815 961 1849 nominent.
1007 1815 1134 1850 Altera
1157 1824 1268 1849 causa
1291 1819 1359 1858 est,
1383 1815 1478 1861 quod
1500 1816 1579 1860 ipse
1604 1819 1753 1857 auctor,
1786 1826 1896 1861 quum
1919 1825 1992 1849 non
2015 1815 2165 1860 singula
2187 1814 2273 1849 loca
2296 1815 2369 1849 sin-

170 1873 270 1920 gulis
298 1871 526 1917 temporibus
547 1874 719 1916 suspecta
741 1870 972 1913 ostenderet,
994 1871 1059 1905 ubi
1081 1871 1232 1906 facilius
1255 1870 1340 1906 huic
1363 1871 1468 1907 illive
1489 1882 1567 1907 rem
1588 1882 1692 1907 suam
1714 1873 1976 1917 persuasisset,
2000 1872 2064 1907 sed
2082 1876 2201 1906 totum
2213 1881 2305 1916 opus
2316 1872 2372 1906 ita

169 1929 393 1965 recensitum
416 1930 458 1961 ut
479 1927 684 1972 perfectum
708 1927 986 1971 absolutumque
1010 1931 1256 1972 proponeret,
1286 1937 1359 1961 uno
1384 1928 1489 1973 quasi
1510 1929 1590 1963 ictu
1612 1929 1766 1962 nimium
1788 1929 1911 1970 dedit,
1935 1939 2046 1973 quam
2069 1929 2131 1962 cui
2153 1928 2368 1962 accuratius

171 1987 210 2020 in
243 1984 411 2019 omnibus
432 1983 591 2028 singulis
614 1984 781 2027 partibus
805 1982 1048 2017 examinando
1071 1983 1193 2017 multi.
1203 1984 1333 2018 statim
1355 1994 1464 2029 pares
1487 1995 1568 2021 esse
1590 1988 1751 2030 possent.
1798 1984 1982 2019 Viderunt
1994 1984 2092 2020 enim
2107 1988 2233 2028 recte,
2254 1984 2373 2018 tantis

169 2041 303 2076 studiis
323 2043 452 2084 totque
475 2040 703 2083 argumentis
725 2039 956 2083 gravissimis
978 2043 1017 2075 et
1040 2040 1264 2074 acutissimis
1288 2049 1360 2074 non
1384 2040 1514 2076 decere
1545 2041 1742 2086 quidquam
1775 2040 1878 2075 aliud
1909 2050 2116 2086 opponere,
2148 2040 2222 2074 nisi
2252 2049 2371 2085 aeque

170 2106 307 2142 magna
327 2095 451 2130 studia
472 2098 584 2140 atque
607 2099 828 2139 argumenta
852 2094 1014 2139 ejusdem
1039 2095 1209 2140 ponderis
1233 2099 1344 2141 atque
1368 2097 1575 2140 acuminis3
1600 2095 1670 2131 hoc
1700 2100 1824 2132 autem
1845 2106 1924 2132 esse
1945 2096 2043 2130 tanti
2061 2095 2202 2131 laboris
2219 2099 2373 2141 tamque

167 2152 330 2188 diuturni
354 2150 487 2192 studii,
511 2154 649 2195 quanto
673 2151 907 2194 suscipiendo
928 2152 1162 2195 paucissimis
1185 2152 1277 2185 satis
1300 2152 1370 2185 otii
1393 2152 1517 2186 datum
1547 2154 1608 2187 sit.
1656 2154 1774 2194 Quam
1798 2153 1942 2196 largam
1965 2154 2063 2187 enim
2086 2152 2154 2186 ille
2171 2153 2370 2186 materiam

168 2208 341 2255 praebuit
364 2207 574 2241 accuratius
596 2207 831 2241 examinandi
854 2206 899 2241 de
922 2206 1112 2242 latinitate
1136 2206 1231 2241 falso
1257 2211 1320 2240 aut
1351 2208 1484 2242 merito
1516 2212 1708 2253 suspecta,
1742 2218 1848 2252 quam
1884 2208 2088 2252 largiorem
2118 2208 2370 2253 investigandi

169 2267 215 2300 de
236 2264 402 2308 legibus,
434 2261 564 2306 quibus
574 2287 585 2304 ,
617 2262 705 2307 quid
728 2263 886 2296 Horatio
909 2262 1082 2307 dignum,
1116 2263 1202 2308 quid
1224 2262 1416 2306 indignum
1439 2264 1510 2305 sit,
1542 2264 1803 2298 constituatur.
1849 2264 2118 2308 Aequissimum
2141 2264 2260 2309 igitur
2282 2265 2367 2305 erit,

167 2325 209 2356 ut
238 2329 310 2354 non
340 2317 547 2353 dubitemus
576 2317 712 2361 fateri,
744 2329 861 2363 neque
884 2318 1061 2364 probare,
1085 2329 1202 2364 neque
1225 2318 1433 2363 improbare
1455 2329 1521 2353 nos
1545 2329 1653 2364 posse
1676 2320 1754 2364 ejus
1777 2320 2096 2364 ingeniosissimas
2119 2321 2364 2364 conjecturas,

168 2378 382 2420 priusquam
403 2384 468 2408 eas
485 2374 587 2418 justa
605 2373 712 2408 lance
724 2375 1044 2418 pensitaverimus.
1092 2374 1245 2408 Minime
1263 2377 1387 2408 autem
1405 2374 1531 2417 decet,
1557 2386 1807 2420 praepropera
1823 2376 2014 2410 dubitandi
2032 2376 2184 2409 libidine
2201 2376 2366 2410 animum

169 2430 215 2465 ab
239 2439 283 2466 eo
307 2427 538 2473 abalienare,
572 2428 632 2465 vel
654 2439 727 2464 uno
753 2430 862 2466 verbo
895 2431 1007 2465 citius
1037 2430 1137 2465 dicto
1170 2440 1277 2475 quam
1310 2430 1464 2475 probato
1496 2431 1659 2477 iniquius
1685 2433 1865 2477 judicium
1895 2432 2005 2467 ferre.
2053 2431 2151 2473 Quid
2173 2433 2270 2467 enim
2301 2437 2370 2471 est,

168 2485 265 2531 quod
286 2485 414 2520 dicunt
435 2485 634 2520 Horatium
658 2486 704 2520 ab
728 2495 772 2521 eo
795 2487 1007 2521 mutilatum
1032 2490 1070 2522 et
1088 2496 1223 2531 magna
1246 2490 1353 2531 parte
1376 2487 1579 2521 carminum
1603 2489 1787 2533 privatum
1811 2486 1915 2522 esse‘!
1959 2487 2043 2521 Non
2068 2488 2166 2522 enim
2189 2489 2245 2523 ita
2267 2498 2370 2533 gras·

169 2544 273 2577 satus
283 2544 340 2574 est
362 2540 430 2575 Vir
446 2541 740 2578 modestissimus
757 2545 888 2576 contra
902 2553 1008 2576 suum
1025 2543 1240 2585 Horatium,
1266 2546 1308 2576 ut
1329 2542 1449 2576 subito
1467 2543 1622 2586 ejiceret
1644 2543 1704 2578 vel
1727 2543 1897 2587 perderet
1918 2543 2023 2577 locos
2042 2543 2128 2577 illos
2145 2545 2370 2589 suspicaces,

172 2596 237 2632 sed
258 2598 402 2629 tantum
425 2598 584 2632 notavit.
630 2597 701 2632 Sed
725 2596 795 2631 hoc
818 2597 1006 2642 sapienter
1029 2598 1134 2640 vidit,
1157 2598 1269 2633 etiam
1293 2598 1410 2632 oculis
1425 2597 1707 2634 subveniendum
1725 2609 1806 2634 esse
1822 2599 1898 2642 ita,
1921 2604 1962 2633 ut
1978 2600 2094 2644 spurii
2113 2599 2186 2633 loci
2205 2600 2370 2646 obliquis

170 2652 275 2697 typis
296 2648 462 2694 expressi
480 2651 559 2693 iam
581 2654 687 2697 quasi
710 2657 921 2699 suspectum
944 2653 1084 2688 vultum
1110 2663 1201 2698 prae
1223 2665 1263 2689 se
1285 2653 1445 2689 ferentes
1467 2665 1508 2689 se
1539 2655 1612 2699 ipsi
1633 2654 1801 2699 prodant.
1849 2655 1986 2690 Melius
2015 2655 2174 2690 fortasse
2194 2657 2304 2701 Juxta
2325 2668 2366 2693 se

168 2708 391 2753 ponerentur
414 2703 485 2738 duo
507 2709 651 2750 textus,
685 2718 837 2754 quorum
861 2709 957 2744 alter
980 2714 1077 2745 esset
1098 2714 1288 2754 receptus,
1320 2710 1416 2744 alter
1438 2711 1663 2746 emendatus.
1710 2711 1807 2752 Quid
1830 2711 1984 2756 denique
2009 2715 2086 2753 est,
2120 2712 2217 2756 quod
2257 2713 2367 2748 multi

168 2762 378 2799 tenaciores
401 2760 440 2794 in
463 2758 535 2794 fide
556 2760 672 2796 Mstt.
696 2768 859 2799 veterum
884 2765 1103 2799 auctoritati
1135 2764 1302 2801 habenda
1325 2766 1475 2808 timent,
1499 2778 1544 2800 nc
1578 2765 1647 2800 hac
1671 2767 1727 2800 ita
1760 2776 1938 2800 concussa
1968 2767 2094 2801 omnia
2124 2767 2299 2803 labantur
2322 2780 2366 2803 ac

166 2827 253 2854 mox
273 2815 415 2851 nullum
437 2815 548 2862 plane
569 2814 865 2863 fundamentum,
889 2820 949 2855 cui
972 2825 1052 2854 tuto
1078 2820 1250 2864 insistas,
1272 2821 1443 2856 relictum
1465 2821 1537 2856 siti
1582 2821 1731 2864 Nonne,
1757 2823 1899 2868 quando
1923 2822 2072 2857 dubium
2097 2835 2137 2860 se
2161 2826 2365 2860 ostenderit

165 2874 464 2916 fundamentum,
487 2881 532 2907 eo
555 2874 766 2908 accuratius
788 2876 1085 2922 investigandum
1108 2877 1199 2920 erit,
1231 2877 1295 2912 ubi
1317 2883 1418 2913 recte
1437 2878 1620 2913 confidere
1640 2879 1777 2924 possis,
1802 2879 1862 2912 ubi
1887 2879 2069 2924 nequeas?
2115 2881 2167 2914 An
2187 2882 2365 2926 sapientis
