2677 3370
1349 57 1425 105 ss„

263 196 512 246 sententiis,
555 206 670 251 quae
704 200 751 236 et
776 194 824 235 ἱιι
834 186 1078 245 Propertii
1109 188 1258 248 elegia
1285 199 1332 234 et
1370 192 1416 233 in
1454 189 1629 234 Horatii
1661 188 1851 235 carinine
1880 192 1941 245 li,
1985 197 2038 238 14
2066 174 2299 271 leguntur,
2339 190 2486 237 tamen·

262 263 409 302 omnia
432 264 604 302 caetera
623 256 758 299 nimis
772 258 1020 299 dissimilia
1039 270 1091 297 ac
1106 258 1301 309 disparia
1328 265 1430 298 sunt
1459 258 1541 309 iis,
1568 259 1677 311 quae
1708 258 1763 300 (le
1792 258 1999 303 Postumo
2030 272 2332 334 exponuntur,
2362 267 2493 316 ιιιιιιι-Δ

261 328 415 369 sertim
452 337 579 377 quum
616 333 662 364 et
698 325 843 376 ipsius
878 321 1116 388 neminis
1155 322 1396 364 diversitas
1435 325 1478 362 'm
1516 320 1725 378 effudens
1754 318 1908 376 p'oetae
1944 320 2212 366 carminibus
2249 312 2487 391 maximam

267 386 584 436 dubitationem
613 396 799 431 moveat.

373 456 537 497 Eadem
566 455 620 496 de
649 468 781 497 causa
799 456 1071 496 recentiores
1093 455 1351 505 interpretes
1378 452 1588 494 ‘videntur
1614 455 1813 497 tacuisse
1842 456 1897 497 de
1933 453 2088 497 J-ulio
2117 454 2152 497 F
2161 454 2283 497 loro
2311 464 2357 497 et
2371 442 2489 514 sub-

264 524 433 565 stitisse
463 523 510 562 in
540 518 827 574 comparando
858 520 958 562 solo
989 520 1233 561 Postumo
1265 518 1507 560 Horatiano
1537 532 1632 561 cum
1663 519 1961 571 Propertiano.

373 586 640 630 Oressius
659 587 769 628 hanc
786 600 877 628 rem
901 585 1045 627 obiter
1064 593 1235 626 tantum
1254 586 1407 639 tetigit
1429 585 1603 626 (licens.
1635 585 1942 637 „Postumum
1972 586 2188 628 hominem
2209 585 2338 629 nobis
2365 589 2489 644 iguo·

261 648 352 695 tum
378 653 492 708 (nis-i
521 652 636 709 quod
667 652 720 694 ad
749 651 1007 695 Postumum
1038 659 1107 693 est
1136 651 1267 692 etiam
1297 649 1516 704 Propertii
1543 650 1705 707 Elegia
1735 650 1822 704 111,
1860 652 1964 705 12)“
1995 661 2078 694 etc.

328 715 332 717 ’
373 719 609 761 Dubitavit
637 721 778 774 igitur
806 732 941 769 aeque
978 731 1028 758 ac
1058 717 1353 771 Doeringius‚
1398 717 1504 772 quin
1541 716 1855 773 Propertiauus
1897 716 2131 759 Postumus
2162 719 2277 761 idem
2306 720 2376 761 vir
2405 720 2480 772 sit,

261 794 393 838 atque
435 784 723 827 Horatianus.
782 783 950 826 Causas
990 792 1134 825 autem
1178 781 1405 823 dubitandi
1445 792 1602 824 nemer
1639 785 1877 835 proposuit.
1936 781 2066 831 Quod
2105 792 2250 826 autem
2284 785 2477 826 Janius

263 852 392 893 dicit:
439 849 578 902 „Non
610 858 801 901 oportet,
833 851 927 889 nisi
958 862 1207 903 comparare
1239 850 1355 888 inter
1385 861 1432 888 se
1463 846 1762 901 characteres,
1793 848 1848 890 utv
1866 861 2102 904 agnoscas,
2146 862 2287 905 neque
2313 849 2480 892 Julium

259 916 468 969 Florum,
498 931 639 972 neque
670 916 996 967 Propertianum
1032 914 1287 955 Postumum
1325 929 1418 955 cum
1460 915 1704 955 Horatiano
1735 916 1962 956 eundem
1993 918 2171 966 esse,“
2215 916 2260 956 id
2298 919 2487 967 pertinet

263 984 315 1023 ad
349 983 464 1024 illud
502 996 642 1037 genus
672 984 816 1022 minus
858 981 1090 1021 distinctae
1131 994 1180 1020 ac
1224 988 1453 1034 propterea
1491 980 1723 1034 ambiguae
1767 981 1998 1031 dictionis,
2043 979 2147 1031 ubi,
2190 982 2231 1022 si
2264 978 2368 1036 ‘quis
2407 981 2489 1023 illa

266 1044 493 1089 locutione
523 1047 791 1099 „eundem
822 1049 985 1086 esse“
1016 1047 1082 1085 uti
1112 1045 1303 1085 volu-erit
1334 1046 1386 1086 ad
1412 1045 1727 1101 designandam
1752 1046 1931 1087 eandem
1952 1060 2204 1100 personam,
2235 1048 2487 1103 imprudens

262 1130 313 1156 ac
341 1116 517 1155 nescius
540 1113 691 1154 eadem
712 1111 842 1154 simul
869 1120 1016 1152 utatur
1035 1126 1088 1153 eo
1117 1113 1276 1161 sensu,
1307 1126 1392 1165 qno
1424 1113 1629 1162 „iisdem
1658 1111 1854 1151 moribus
1884 1111 2073 1163 aliquem
2104 1117 2246 1157 esse‚“
2284 1114 2486 1155 dicimus.

261 1174 460 1234 Namque
501 1180 565 1220 sic
595 1183 766 1218 tantum
806 1176 907 1217 fieri
934 1178 1107 1230 potuit,
1146 1185 1194 1217 ut
1230 1176 1410 1228 Janius,
1443 1191 1577 1232 quum
1616 1176 1870 1217 Postumum
1900 1176 2231 1228 Propertianum
2270 1181 2487 1234 sagaciter

259 1245 567 1286 intellexisset
602 1257 687 1284 non
724 1243 884 1283 iisdem
921 1241 1117 1282 mori-bus
1162 1256 1284 1293 esse,
1324 1242 1482 1294 quibus
1513 1241 1783 1284 Horatianus
1825 1250 1917 1294 est,
1960 1256 2019 1283 ex
2059 1242 2139 1284 hac
2189 1245 2282 1295 ipsa
2319 1259 2485 1287 morum

258 1311 598 1354 diversitate
627 1308 1099 1356 concludendumesse
1115 1316 1311 1358 putaret,
1341 1322 1441 1348 ιιοιι
1472 1309 1693 1348 eundem
1724 1307 1996 1348 hominem
2027 1308 2273 1362 significari
2296 1309 2350 1351 ab
2367 1319 2485 1351 utro·

260 1391 344 1432 que
382 1383 534 1430 poeta,
565 1375 678 1430 quod
710 1387 786 1425 per
816 1386 1007 1413 errorem
1037 1372 1281 1424 conclusit,
1310 1388 1442 1430 quum
1472 1375 1664 1415 muta-ri
1693 1387 1825 1426 posse
1852 1387 1997 1415 vmores
2024 1387 2115 1415 non
2148 1384 2381 1427 reputaret.

367 1440 591 1482 'Similiter
623 1439 903 1481 Obbarius
950 1453 1077 1490 quum
1118 1455 1142 1480 e
1179 1442 1399 1480 contrario
1436 1441 1737 1481 demonstrare
1774 1439 1935 1490 vellet,
1972 1448 2199 1496 utrumque
2235 1441 2488 1484 Postumum

260 1507 446 1551 eundem
472 1520 598 1558 esse,
624 1506 800 1548 videtur
817 1505 1066 1559 judicasse,
1093 1510 1273 1561 praeter
1297 1506 1412 1548 idem
1438 1520 1594 1548 nomen
1618 1508 1748 1548 etiam
1771 1506 1886 1547 idem
1911 1508 2105 1548 avaritae
2128 1509 2284 1548 vitium
2309 1511 2486 1560 requiri.

261 1576 336 1615 Sic
372 1575 488 1615 enim
517 1587 610 1614 rem
644 1573 869 1627 proponit:
927 1570 1104 1621 „Ueber
1142 1573 1223 1613 den
1263 1572 1507 1624 Postumus,
1549 1585 1606 1613 an
1637 1572 1722 1613 ‹leu
1759 1571 1906 1613 Horaz
1942 1572 2057 1613 deese
2098 1572 2185 1614 Ode
2213 1567 2402 1625 framea»,
2430 1580 2487 1617 ise

259 1639 394 1683 niobes
413 1639 590 1681 bekannt
614 1638 862 1692 geworden,
882 1650 1029 1678 auster
1048 1638 1148 1678 dau
1171 1638 1362 1693 Properz
1378 1642 1499 1679 einen
1516 1638 1575 1691 gl
1580 1642 1629 1679 ei
1637 1637 1838 1679 chnamt‘
1843 1651 1941 1691 gen
1959 1642 2004 1679 ιἰι
2023 1637 2127 1687 111,
2160 1641 2211 1680 12
2228 1640 2382 1690 tadele,
2410 1633 2487 1683 der

258 1720 334 1748 am
357 1709 496 1747 eiaem
514 1703 721 1755 salechan
747 1702 925 1745 Str-eben
953 1702 1061 1744 nach
1090 1701 1204 1744 Ehre
1232 1704 1318 1745 und
1343 1701 1583 1745 Reicloehum
1611 1707 1726 1745 aeine
1758 1702 1910 1745 Gallia
1938 1703 2068 1745 Aelia
2101 1703 2233 1746 Galla
2269 1706 2487 1749 verlassen

256 1773 342 1814 rmd
370 1772 450 1814 den
478 1768 657 1813 Falmen
683 1770 761 1810 dee
788 1769 1007 1823 Augustus
1035 1770 1118 1819 ’732
1145 1768 1253 1808 nacla
1283 1767 1600 1810 G'n‘echenland
1625 1769 1713 1810 und
1738 1770 1829 1809 dem
1859 1770 2006 1809 Orien!
2031 1770 2192 1823 fulgen
2225 1771 2365 1812 wollce
2396 1771 2486 1829 [di-

260 1837 445 1880 cendum
485 1836 571 1877 fuit
612 1833 824 1889 „gesolgt
854 1837 1006 1882 eoam-⁴⁶
1045 1833 1245 1888 quamvis
1282 1834 1397 1874 enim
1434 1841 1564 1889 poeta
1601 1833 1718 1874 dicat
1758 1848 1799 1874 v.
1839 1836 1911 1876 19:
1962 1834 2091 1884 „Sed
2131 1849 2313 1876 securus
2351 1843 2484 1889 eas,“

256 1913 401 1945 tamen
431 1901 537 1948 haec
566 1901 684 1943 ‹liota
713 1913 814 1941 esse
844 1906 1082 1954 potuerunt
1117 1900 1248 1939 etiam
1286 1899 1351 1950 ei,
1390 1900 1466 1950 qui
1490 1899 1582 1953 jann
1617 1898 1843 1954 vprofectus
1887 1909 2001 1946 erat;
2055 1900 2294 1950 profectum
2340 1913 2485 1945 autem

253 1971 346 2023 jam
376 1968 518 2008 fuisse
549 1966 827 2015 Postumum,
861 1965 1097 2004 manifesto
1131 1972 1254 2017 patet
1284 1977 1343 2004 ex
1380 1977 1423 2004 v.
1464 1966 1482 2004 1
1510 1987 1563 1996 —
1586 1967 1613 2005 4
1642 1965 1916 2015 „potuisti
1946 1963 2146 2020 linquere
2168 1989 2222 1997 —
2248 1976 2292 2008 et
2322 1970 2483 2021 sequi“

260 2043 304 2076 et
333 2035 546 2086 „tantine
576 2031 662 2072 fuit
691 2029 934 2085 gloria—‚
981 2042 1037 2069 ne
1074 2028 1365 2070 faetere-sw
1410 2030 1514 2070 item
1552 2043 1612 2069 ex
1652 2043 1694 2070 ν..
1737 2028 1855 2086 21.].
1913 2029 2071 2071 Nt'mmt
2106 2044 2202 2071 man
2237 2031 2371 2075 Becde
2399 2036 2484 2087 fiir

257 2099 397 2143 Eine
438 2098 627 2147 Per-ran,
682 2099 762 2137 wie
803 2108 849 2137 ee
896 2093 1134 2146 Grotefend
1161 2093 1274 2144 ilem,
1316 2093 1495 2136 welcher
1543 2093 1649 2136 auch
1696 2093 1805 2147 III,
1851 2097 1907 2138 27
1946 2096 2016 2138 die
2055 2096 2244 2139 Galatea
2289 2102 2371 2151 fiir
2411 2102 2481 2144 die

264 2163 484 2208 Gemaltlt‘n
511 2164 586 2207 des
614 2163 840 2205 Postumus
866 2159 977 2211 kalt,
1020 2175 1068 2203 so
1104 2161 1300 2203 erklaren
1328 2159 1417 2202 sich
1445 2174 1484 2202 v.
1512 2163 1569 2204 20
1582 2185 1634 2193 —
1648 2163 1704 2204 28
1732 2161 1892 2212 bercer,
1930 2162 1997 2203 als
2024 2162 2154 2204 durch
2170 2162 2381 2207 Da'mzere
2402 2171 2489 2212 aad

263 2232 431 2273 Orelli’e
454 2229 683 2278 Annam,
712 2226 868 2272 welche
897 2228 977 2270 w'ie
1004 2226 1082 2278 11,
1112 2228 1162 2277 3,
1193 2228 1247 2269 17
1269 2240 1358 2282 sqq.
1386 2230 1506 2269 cenea
1529 2227 1807 2281 allgemeinen
1830 2227 2056 2269 Gedankeu
2083 2233 2128 2270 in
2155 2229 2298 2272 diesen
2334 2230 2489 2276 Versen

254 2298 404 2349 finden
431 2296 593 2337 vollen.
650 2295 872 2337 Portunum
901 2306 992 2334 war
1018 2292 1199 2334 samuch
1228 2293 1297 2335 bei
1320 2296 1473 2334 seiuem
1500 2306 1678 2348 gresten
1711 2293 1976 2336 Reiclttlmme
2003 2298 2187 2349 geizt'g
2221 2295 2368 2352 (Prop.
2403 2297 2486 2352 Ill,

262 2366 341 2416 12,
377 2363 428 2405 5:
473 2361 523 2402 Si
564 2361 631 2411 fas
662 2368 747 2410 est,
777 2372 929 2400 omnes
959 2360 1126 2413 pariter
1154 2360 1346 2413 pereatis
1376 2359 1549 2414 avari)
1579 2360 1664 2401 mul
1690 2360 1767 2401 der
1794 2358 1973 2402 Dichter
1999 2360 2117 2402 *ιιι-Μ
2139 2360 2213 2403 ae’lm
2239 2360 2329 2403 hier
2355 2372 2434 2406 etc.

299 2458 301 2460 -
370 2428 500 2477 Quod
530 2427 672 2482 igitur
693 2425 815 2479 apud
837 2424 926 2465 hos
956 2438 1105 2465 omnes
1136 2426 1396 2476 interpretes
1427 2425 1604 2465 Horatii
1636 2426 1802 2478 (nescio
1832 2440 1887 2466 an
1918 2428 2050 2467 etiam
2076 2426 2321 2480 Propertii,
2354 2443 2485 2484 quum

259 2496 392 2551 hujus
421 2501 577 2549 poetae
598 2489 706 2533 sola
739 2490 930 2532 editione
953 2488 1303 2532 Lachmanniaua
1332 2492 1396 2532 uti
1426 2490 1537 2532 mihi
1566 2490 1716 2543 licuit,
1759 2494 1801 2533 in
1834 2507 1919 2548 qua
1948 2494 2000 2534 ad
2035 2491 2115 2533 hoc
2147 2506 2340 2547 carmen,
2371 2497 2483 2548 quod

257 2562 544 2604 undecimum?
564 2558 670 2599 libri
697 2556 765 2598 lv
797 2565 890 2608 est,
920 2555 1036 2597 nihil
1067 2557 1121 2596 de
1149 2557 1358 2597 Postumo
1387 2559 1643 2610 exponitur)
1675 2558 1903 2608 desidero,
1933 2557 2015 2598 hoc
2045 2566 2133 2602 est.
2167 2560 2282 2614 quod
2313 2561 2482 2604 diversi

256 2626 540 2681 tem-poris,
575 2636 663 2674 quo
701 2621 786 2671 illa
813 2623 1006 2664 carmina
1034 2635 1062 2662 a
1085 2623 1230 2672 poetis
1273 2623 1441 2676 scripta
1475 2628 1604 2673 sunt,
1640 2624 1853 2663 rationem
1886 2636 1977 2663 ιιοιι
2012 2621 2277 2666 habueruut.
2338 2624 2483 2675 Quum

256 2693 371 2734 enim
416 2689 700 2733 manifestum
737 2687 816 2738 sit,
859 2686 1048 2742 elegiam
1077 2686 1297 2741 Propertii
1325 2688 1482 2738 prius
1514 2687 1716 2738 scriptam
1747 2702 1873 2738 esse,
1918 2701 2043 2743 quam
2074 2702 2246 2731 carmen
2276 2690 2483 2734 Horatia-

254 2771 382 2807 num,
416 2758 600 2807 primum
637 2761 783 2808 patet,
820 2765 904 2793 non
936 2761 1022 2793 tam
1053 2752 1099 2793 id
1129 2752 1447 2805 respiciendum
1479 2766 1604 2803 esse,
1634 2753 1749 2808 quod
1778 2752 2015 2794 Postumus
2045 2753 2315 2796 Horatianus
2346 2755 2481 2801 aliis

251 2825 282 2866 i.
313 2836 352 2865 e.
382 2834 484 2862 non
512 2819 748 2874 amplius
771 2818 979 2862 iisdem
1018 2816 1212 2861 motibus
1242 2827 1344 2871 est,
1383 2817 1542 2874 quibus
1580 2817 1894 2874 Proper-tianus
1929 2818 2040 2872 fuit,
2080 2834 2207 2876 quam
2237 2822 2382 2871 potius
2418 2825 2481 2875 id,
