2677 3370
1313 26 1365 66 u

323 162 424 202 ..lam
469 160 581 201 haec
635 161 928 201 recentiorum
982 161 1268 213 interpretum
1332 164 1589 213 argumenta
1632 159 1882 210 respicienti
1931 158 2062 200 mihi·
2097 172 2147 201 ac
2187 165 2455 216 comparanti·

223 242 317 269 cum
352 228 435 278 iis,
475 239 585 278 quae
609 239 654 267 *a
691 224 916 266 veteribus
954 226 1175 277 proposita
1212 223 1429 275 vidimus,
1468 237 1540 265 res
1580 224 1767 265 nondum
1804 224 1980 266 videtur
2017 239 2072 267 eo
2108 227 2296 273 deducta
2333 243 2451 280 esse,

229 308 312 346 quo
343 291 640 334 deducendam
682 303 776 331 eam
826 304 926 330 esse
968 301 1145 330 censeo.
1207 288 1294 329 Ubi
1334 296 1507 329 veteres
1546 288 1805 344 plerumque
1832 289 2126 331 substiterunt
2158 294 2207 332 rin
2226 306 2323 335 »nna
2352 308 2458 336 sen·¹

226 360 388 410 tentia,
415 369 523 411 quae
541 353 800 409 praevalere
831 353 1086 405 videbatur,
1116 353 1179 395 ibi
1205 354 1478 395 recentiores
1502 353 1652 404 plures
1684 355 1857 406 quidem
1876 357 2119 397 sententias
2144 363 2450 411 conceperunt,

229 424 308 467 sed
337 428 476 464 tamen·
508 433 727 476 nunquam
758 433 908 461 omnes
939 421 1003 461 i-ta
1033 415 1352 475 respexerunt,
1393 426 1442 459 nt
1471 419 1531 460 iis
1564 417 1648 459 sub
1675 433 1811 462 unum
1835 421 1966 473 quasi
1998 419 2196 462 obtutum
2219 426 2450 477 congestis

230 500 437 533 summam
468 487 741 536 invenirent,
784 487 856 526 cui
891 499 1041 526 omnes
1073 482 1275 538 singulae
1316 492 1414 536 apte
1445 482 1670 538 subjectae
1710 499 1811 527 esse
1841 486 2108 528 viderentur.
2164 485 2339 529 Deinde
2368 487 2454 531 hoe

227 554 450 608 negotium
474 551 835 603 exponendarum
871 551 1062 603 plurium
1100 549 1374 603 singularum
1417 551 1734 591 sententiarum
1771 551 1900 592 nnnlti
1930 560 2017 593 tam
2047 551 2189 593 obiter
2218 565 2268 593 ac
2306 552 2450 609 negli-

231 624 383 675 genter
428 618 709 669 factitarunt,
756 622 803 658 ut
845 631 999 672 parum
1051 617 1301 658 curaverint
1350 617 1414 657 uti
1458 617 1596 657 certis
1644 630 1701 657 aa
1738 616 1962 659 distinctis
2014 616 2162 660 verbis
2207 618 2452 674 formisque

228 686 443 726 orationis
486 685 624 725 nexui
666 685 780 734 aptis
817 684 872 723 ad
918 684 1176 724 sententiam
1221 681 1460 737 diligenter
1502 695 1553 722 ac
1596 681 1822 723 subtiliter
1864 682 2195 739 designandam.
2253 683 2449 728 Fuerunt

226 752 378 806 potius
409 759 484 791 aut
516 748 794 791 verbosiores
825 758 989 790 tantum
1021 758 1063 790 et
1093 749 1361 803 imaginandi
1392 749 1438 788 vi
1461 746 1629 800 abrepti
1647 748 1721 790 vel
1742 750 1785 789 in
1814 751 2112 792 concionantis
2134 753 2259 803 quasi
2280 752 2453 793 modum

228 817 367 859 delati
412 818 657 858 sententias
695 814 1041 870 amplificarunt,
1091 823 1165 855 aut
1200 815 1403 870 argutius
1450 827 1576 865 quam
1615 816 1787 855 acutius
1825 813 1932 857 ha'ec
1972 815 2111 858 illave
2157 818 2449 869 intruserunt,

229 883 320 924 alia
350 884 517 934 opinati
547 890 674 933 sunt,
705 881 795 922 alia
824 880 1134 941 cpncluserunt
1163 879 1236 920 vel
1266 879 1567 920 concludenda
1597 893 1697 920 esse
1726 891 2020 934 censuerunt,
2045 875 2138 923 'alia
2162 881 2330 936 juberi,
2360 896 2451 924 mo-

230 950 350 999 neri,
391 948 568 998 docem,
613 947 766 988 defleri
802 946 1148 996 contenderunt,
1192 958 1331 999 neque
1378 954 1549 996 tamen,
1594 944 1754 1000 quibu·
1810 947 1958 987 causis
2009 961 2068 988 ex
2119 950 2213 999 ipso
2255 950 2451 989 carmine

232 1014 475 1065 desumptis
505 1014 688 1064 permoti
716 1012 879 1053 fuerint
910 1011 963 1051 ad
994 1010 1104 1051 talia
1121 1011 1375 1062 statuenda,
1407 1009 1600 1052 dilucide
1631 1010 1999 1053 demonstrarunt.
2059 1012 2170 1055 Tum
2199 1013 2452 1069 plerumque

233 1087 469 1135 sequentes
490 1079 679 1119 editores
702 1079 895 1132 priorum
917 1078 1161 1118 sententias
1182 1086 1473 1128 exceperunt,
1506 1090 1612 1128 quas
1644 1090 1698 1116 ne
1714 1089 1896 1130 prorsus
1916 1080 2139 1133 recepisse
2159 1084 2231 1120 aut
2253 1081 2451 1134 exscrip-

234 1148 351 1188 sisse
398 1145 670 1194 viderentur,
714 1142 818 1184 aliis
864 1144 1007 1195 iisque
1062 1156 1147 1183 non
1192 1157 1367 1197 semper
1405 1144 1450 1184 in
1492 1142 1677 1193 melius,
1721 1140 1800 1182 sed
1838 1156 1972 1198 saepe
2009 1145 2054 1184 ia
2104 1148 2231 1199 pejus
2270 1146 2450 1186 mutatis

236 1212 386 1252 verbis
417 1209 679 1250 retulerunt.

343 1276 466 1317 Haec
507 1284 611 1315 sunt
643 1282 829 1329 ‚peccata
872 1275 1182 1325 interpretum,
1228 1287 1338 1328 quae
1380 1281 1423 1314 et
1468 1274 1600 1313 vitari
1637 1286 1765 1324 posse
1797 1281 1864 1324 et,
1910 1283 2115 1329 quantum
2155 1274 2255 1316 fieri
2293 1277 2451 1330 possit,

233 1341 416 1383 vitanda
456 1355 556 1382 esse
599 1354 785 1389 censeo,
824 1353 878 1380 ne
917 1340 1012 1390 ipsa
1051 1338 1349 1391 explicatione
1392 1340 1534 1393 magis
1572 1337 1834 1380 obscuretur
1883 1353 2009 1394 quam
2054 1340 2309 1382 illustretur
2350 1356 2454 1383 vera

234 1407 440 1450 carminis
473 1405 663 1446 indoles.
725 1403 914 1446 Causam
944 1413 1115 1456 autem,
1147 1419 1246 1456 cur,
1278 1418 1405 1456 quum
1434 1403 1650 1456 plurimae
1689 1403 1895 1459 singulae
1924 1419 1996 1446 res
2029 1406 2154 1447 docte
2184 1416 2226 1448 et
2257 1417 2454 1449 accurate

235 1472 486 1529 explicatae
518 1474 629 1523 sint,
659 1479 802 1512 tamen
833 1471 878 1512 id
908 1471 1098 1512 nondum
1120 1472 1229 1512 satis
1256 1480 1373 1511 recte
1396 1470 1555 1512 factum
1583 1485 1683 1512 esse
1705 1471 1908 1512 videatur
1939 1472 1983 1512 in
2009 1473 2266 1524 exponenda
2291 1487 2457 1515 summa

236 1540 457 1582 sententia
487 1536 559 1577 vel
589 1536 777 1578 consilio
807 1538 1012 1588 primario
1051 1539 1263 1591 cujusque
1293 1538 1525 1587 carminis,
1563 1538 1756 1577 maxime
1795 1535 1904 1576 hanc
1943 1551 2043 1577 esse
2085 1536 2297 1595 arbitror,
2343 1541 2457 1594 qnod

236 1606 492 1661 plerumque
524 1604 558 1642 ii
589 1611 780 1654 tantum,
818 1603 893 1657 qui
932 1601 1131 1642 omnibus
1163 1596 1428 1642 carminibus
1468 1602 1651 1643 edendis
1684 1615 1858 1653 operam
1889 1601 2077 1653 dabant,
2117 1616 2205 1644 una
2244 1618 2340 1644 cum
2375 1603 2458 1647 boc

236 1672 442 1726 negotio,
474 1682 559 1724 quo
591 1667 772 1723 singula
803 1682 828 1708 a
857 1667 1050 1723 singulis
1080 1668 1190 1708 viris
1221 1667 1361 1708 doctis
1393 1667 1502 1708 bene
1533 1667 1739 1708 adnotata
1770 1668 1962 1720 undique
1992 1670 2301 1723 comportanda
2331 1679 2456 1722 atque

235 1735 516 1791 proponenda
560 1733 649 1775 sibi
686 1748 789 1775 esse
826 1733 1062 1788 putabant,
1118 1735 1249 1773 etiam
1298 1743 1456 1773 munus
1500 1742 1785 1783 susceperunt
1833 1742 2193 1788 argumentorum
2235 1749 2459 1790 exponen-

236 1804 404 1845 dorum.
463 1800 549 1842 Sed
579 1798 653 1840 illi
682 1800 859 1841 etiamsi
900 1800 1076 1854 negotIo
1107 1796 1217 1839 bene
1248 1798 1532 1850 exsequendo
1562 1799 1703 1849 parati
1751 1798 1942 1850 fuerint,
1984 1807 2127 1840 tamen
2166 1814 2251 1842 non
2289 1815 2457 1854 semper

238 1868 389 1910 idonei
415 1867 619 1917 fuerunt,
666 1866 739 1916 qui
778 1864 860 1906 hoc
897 1878 1075 1904 numere
1112 1864 1272 1915 optime
1316 1864 1620 1919 fungerentur.
1682 1862 2058 1912 Quemadmodum
2096 1866 2237 1920 igitur
2267 1867 2458 1921 singulis

237 1933 372 1975 rebus
404 1933 567 1986 optime
597 1930 676 1971 hac
706 1945 753 1971 re
784 1929 1033 1971 consultum
1063 1929 1173 1980 fuit,
1204 1930 1317 1980 quod
1349 1929 1430 1969 alii
1460 1928 1565 1969 aliis
1595 1928 1757 1980 rebus,
1787 1928 1948 1985 quibus
1979 1931 2303 1984 investigandis
2329 1934 2461 1982 aptis·

239 2001 340 2040 simi
368 1996 456 2038 sibi
483 1998 760 2046 viderentur,
782 2008 830 2035 se
858 2001 974 2034 totos
1001 1992 1226 2045 dicabant,
1258 1995 1322 2034 ita
1341 1995 1472 2034 etiam
1494 1993 1596 2034 huic
1627 1995 1692 2034 rei
1714 2002 1805 2035 tum
1828 1995 2000 2035 demum
2026 1995 2190 2049 optime
2211 1996 2462 2039 consultum

239 2067 345 2115 erit,
377 2064 416 2104 si
446 2060 579 2102 multi
610 2059 779 2115 singuli
810 2060 896 2099 viri
925 2058 1027 2099 huic
1059 2060 1132 2098 uni
1164 2061 1361 2110 muneri,
1399 2064 1448 2099 ut
1477 2058 1668 2100 firmina
1697 2068 1855 2114 suopte
1886 2061 2067 2114 ingenio
2098 2061 2298 2102 animove
2329 2062 2460 2104 intel-

239 2130 381 2185 ligere
414 2127 648 2177 studeant,
679 2138 849 2165 omnem
878 2138 1052 2175 operam
1082 2138 1132 2165 ac
1161 2124 1439 2179 diligentiam
1470 2124 1734 2176 dicaverint,
1767 2125 1882 2176 quod
1912 2124 2088 2180 quidem
2118 2138 2143 2165 a
2166 2124 2316 2168 multis
2348 2128 2460 2170 viris

241 2194 514 2238 doctissimis
552 2192 609 2234 ad
647 2205 797 2233 eorum
835 2192 1095 2242 carminum,
1134 2205 1245 2246 quae
1287 2189 1542 2232 difficiliora
1586 2189 1818 2232 intellectu
1864 2205 1964 2231 esse
2004 2189 2286 2243 videbantur,
2335 2194 2458 2235 ideas

243 2274 433 2303 summas
465 2259 677 2300 eruendas
702 2258 871 2299 factum
910 2271 1009 2298 esse
1046 2270 1130 2297 non
1167 2256 1359 2308 infitior,
1400 2257 1478 2298 sed
1509 2265 1648 2297 tamen
1682 2260 1846 2297 tantum
1877 2255 2028 2307 abest,
2071 2264 2119 2296 ut
2150 2255 2250 2299 huic
2280 2260 2344 2299 rei
2367 2260 2460 2313 jam

240 2327 518 2369 satisfactum
548 2339 646 2366 esse
677 2324 902 2375 videatur,
933 2328 981 2364 ut
1009 2322 1141 2377 louge
1172 2321 1457 2377 plurimorum
1489 2325 1726 2364 carminum
1757 2336 1904 2363 veram
1934 2320 2125 2363 indolem
2160 2331 2287 2375 atque
2317 2325 2459 2379 ipsam

238 2396 347 2435 artis
380 2393 576 2447 poeticae
608 2388 899 2431 subtilitatem
928 2388 1069 2430 adhuc
1099 2387 1236 2429 latere
1266 2387 1467 2429 arbitrer.
1524 2388 1592 2429 Ad
1637 2388 1744 2429 hanc
1788 2397 1933 2428 autem
1972 2389 2210 2428 carminum
2251 2388 2456 2432 Horatia-

240 2471 393 2500 norum
425 2465 624 2497 naturam
661 2454 842 2497 facilius
872 2454 1106 2496 eruendam
1137 2455 1432 2495 necessarium
1463 2462 1556 2504 est,
1601 2462 1647 2494 ut
1675 2462 1953 2508 reputemus,
1993 2452 2187 2503 qualis
2215 2460 2340 2504 poeta
2372 2455 2464 2497 Ho-

241 2527 381 2565 ratius
413 2523 561 2562 suerit.

356 2588 490 2636 Quod
522 2589 635 2627 enim
662 2587 808 2627 dicere
828 2584 999 2635 solent,
1029 2590 1197 2635 poetam
1227 2587 1398 2635 nasci,
1428 2599 1512 2625 non
1543 2585 1699 2634 fieri,
1730 2585 1776 2624 id
1803 2584 1978 2639 quidem
1995 2582 2110 2622 cadit
2130 2584 2176 2622 in
2202 2597 2278 2626 eos
2296 2594 2463 2638 poetas,

249 2657 322 2711 qui
352 2662 427 2696 aut
457 2652 588 2708 primi
621 2651 872 2692 inventores
895 2650 1074 2692 fuerunt
1104 2652 1340 2691 carminum
1370 2652 1478 2691 certi
1508 2649 1735 2703 cujusdam
1767 2649 1943 2704 generis
1974 2648 2158 2701 poetici,
2189 2659 2263 2691 aut
2292 2653 2336 2691 in
2367 2665 2461 2703 θος,

251 2722 324 2772 qni
354 2732 481 2760 caeco
512 2718 699 2772 quodam
730 2717 864 2757 animi
894 2718 1060 2772 impetu
1099 2715 1170 2756 vel
1215 2715 1367 2756 divino
1397 2714 1544 2756 affiatu
1583 2715 1821 2756 incitantur
1849 2712 1905 2754 ad
1934 2713 2124 2768 pectoris
2155 2716 2303 2770 potius
2335 2729 2467 2758 sensa

250 2801 374 2839 quam
407 2785 458 2826 ad
488 2785 649 2826 mentis
680 2784 874 2837 cogitata
908 2782 1186 2837 exponenda.
1247 2779 1433 2823 Plurimi
1471 2794 1576 2823 vero
1627 2790 1783 2835 poet-ae
1821 2778 2176 2821 artificiosiorum
2208 2784 2468 2833 carminum,
