2677 3370
1178 79 1447 152 ..J-...-

208 212 414 273 oe'ufdeckt.
485 217 583 260 Voll
622 217 698 260 der
736 214 1047 269 Betraclztuug‚
1096 214 1167 256 die
1205 226 1253 254 er
1290 211 1391 254 iiber
1428 215 1569 254 nemen
1612 208 1790 254 Freund
1829 211 1914 254 uad
1959 211 2107 254 denen
2147 211 2411 268 ver-gehlida

211 287 377 339 sorgen
406 284 595 333 anetem,
621 281 714 323 heht
740 296 787 322 er
815 286 925 322 an.·“
966 290 1047 321 etc.
1089 280 1158 321 Ex
1180 278 1250 320 his
1272 277 1419 319 verbis
1445 287 1489 318 et
1514 292 1570 318 ex
1595 280 1711 319 notis
1736 279 1927 331 additis,
1956 278 2115 335 quibus
2138 279 2410 334 singulorum

210 352 439 395 verborum
477 359 520 392 et
556 350 869 391 sententiarum
905 348 994 389 vim
1037 355 1079 388 et
1123 360 1284 387 nexum
1326 345 1481 386 docere
1518 345 1688 397 studet,
1738 347 2066 401 cognoscimus,
2109 343 2411 402 Brieglebinm

209 420 350 461 fuisse
382 419 520 458 virum
551 416 781 458 vividior-is
821 429 871 455 ac
907 413 1131 455 calidioris
1169 413 1325 462 animi,
1371 413 1445 467 qui
1481 411 1657 452 Horatii
1693 411 1846 452 verbis
1881 414 2019 453 utitur
2055 413 2110 454 ad
2147 412 2270 454 aliud
2306 414 2412 469 quid

209 484 469 535 docendum,
499 485 529 524 i.
555 498 594 523 e.
616 482 669 522 ad
699 483 787 522 vim
815 481 1081 536 imaginandi
1105 479 1389 520 exercendam
1419 485 1545 534 atque
1576 477 1882 530 excolendam,
1912 479 1965 519 ad
1988 493 2144 520 sensus
2170 480 2409 522 alacriores

207 551 486 601 excitandos,
527 548 582 590 ad
621 549 906 602 cogitationes
946 546 1226 601 effingendas.
1287 544 1380 585 Hoc
1415 546 1611 601 quamvis
1645 544 1754 586 utile
1784 560 1883 586 esse
1912 546 2055 601 possit
2071 555 2114 587 et
2142 545 2246 588 licet
2273 545 2409 589 facile

206 617 466 670 largiamur,
495 624 543 655 ut
572 616 647 669 qni
678 614 789 655 hunc
818 614 950 655 finem
979 621 1286 664 persequatur,
1316 614 1502 652 carmine
1531 611 1679 667 aliquo
1706 621 1852 652 utatur
1883 621 2083 663 tanquam
2114 621 2264 665 textu,
2293 614 2408 655 unde

206 684 478 723 occasionem
517 690 657 721 sumat
701 680 807 721 talia
846 679 1122 733 exponendi,
1178 688 1319 719 tamen
1369 676 1450 718 hoc
1489 692 1575 718 non
1623 682 1691 718 est
1737 680 2016 732 interpretari
2066 681 2269 720 carminis
2311 694 2409 721 sen-

206 750 398 789 tentiam.
456 746 590 788 Tales
628 748 743 787 enim
779 747 1070 799 interpretes,
1112 746 1186 800 qui
1225 759 1273 785 se
1310 743 1574 785 aestheticos
1610 746 1831 785 nominare
1872 744 2037 796 solent,
2081 747 2216 786 nimia
2254 746 2406 801 imagi-

207 813 337 855 nandi
375 814 420 854 vi
449 812 646 855 feruntur
678 826 752 864 ee,
791 820 839 853 ut
868 812 1013 867 potius
1044 825 1151 864 quae
1180 811 1294 852 dicta
1322 824 1421 852 esse
1449 811 1698 862 opinentur,
1728 825 1854 867 quam
1880 825 1990 867 quae
2023 825 2126 852 vere
2149 811 2267 853 dicta
2291 822 2406 863 sunt,

209 886 450 931 exponant,
490 887 555 929 et,
587 892 716 933 quum
746 887 886 918 certas
915 879 1114 918 notiones
1144 886 1287 918 mente
1316 879 1539 928 concipere
1567 890 1652 917 non
1682 879 1879 931 possint,
1920 876 2017 918 loco
2047 879 2248 919 concisae
2278 887 2406 933 atque

207 944 319 987 bene
341 946 572 987 distinctae
600 945 811 985 orationis
840 949 1016 985 utantur
1044 945 1189 995 potius
1219 956 1358 999 vago,
1390 942 1562 984 laxiore
1591 952 1719 996 atque
1748 942 2004 984 luxuriante
2032 943 2203 985 dicendi
2232 958 2407 1000 genere,

208 1025 291 1064 quo
321 1013 465 1054 omnia
493 1010 828 1051 contunduntur.
887 1010 959 1051 Sic
996 1012 1041 1052 in
1072 1009 1153 1051 illo
1190 1015 1442 1066 argumento
1478 1009 1590 1051 nihil
1619 1010 1711 1051 fere
1748 1016 1846 1061 est,
1886 1010 1998 1062 quod
2027 1024 2112 1051 non
2142 1010 2303 1052 falsum
2332 1013 2407 1052 sit.

209 1077 333 1127 Quae
356 1080 469 1119 enim
493 1078 600 1118 dicit
621 1078 706 1118 iste
727 1077 868 1117 editor
891 1077 943 1118 de
965 1076 1208 1132 fragilitate
1240 1078 1357 1117 vitae
1387 1075 1620 1128 humanae,
1651 1077 1704 1118 de
1734 1076 1985 1119 hominibus
2016 1079 2173 1133 quovis
2204 1079 2412 1129 temporis

207 1155 422 1186 momento
453 1144 507 1184 ad
537 1152 718 1184 ritortem
755 1146 930 1197 propius
969 1142 1336 1194 accelerantibus,
1377 1143 1430 1183 de
1468 1144 1549 1194 iis,
1591 1157 1699 1197 quae
1737 1148 1861 1195 poeta
1901 1144 2001 1185 inde
2042 1143 2293 1195 concludat,
2330 1144 2407 1184 sed

209 1227 265 1253 ex
298 1211 477 1252 dimidia
507 1218 672 1251 tantum
707 1219 826 1261 parte
865 1212 1060 1264 aperiat,
1100 1210 1154 1250 de
1184 1211 1309 1250 vanis
1346 1210 1472 1249 amici
1511 1211 1656 1260 curis,
1694 1224 1744 1249 ea
1788 1212 1929 1251 omnia
1965 1220 2040 1251 aut
2078 1213 2279 1262 opinatus
2323 1220 2407 1260 est,

209 1286 287 1320 aut
310 1279 407 1331 ipse
432 1275 647 1318 conclusit
668 1282 853 1323 tantum;
890 1277 934 1316 in
965 1277 1153 1317 carmine
1183 1278 1280 1330 ipso
1310 1289 1395 1316 non
1425 1274 1645 1330 leguntur.
1702 1274 1806 1316 Alia
1828 1277 2019 1316 inanium
2040 1277 2408 1330 phrasiumusum

213 1347 442 1384 testantur.

318 1408 466 1450 Jacob.
499 1407 710 1449 Frideric.
743 1406 1080 1449 Schmidtius
1111 1407 1297 1460 (Horaz,
1327 1407 1470 1449 lateiu.
1493 1408 1577 1449 und
1606 1406 1775 1449 demach
1799 1412 1872 1449 mit
1894 1407 2219 1463 Aumerkungen.
2253 1406 2407 1450 Gothu-

210 1478 360 1528 1777),
397 1474 505 1516 licet
548 1477 591 1516 in
631 1474 781 1516 multis
813 1474 923 1515 loeis
962 1477 1162 1530 sagacior
1198 1477 1284 1526 sit,
1323 1484 1462 1515 tamen
1503 1484 1577 1515 aut
1616 1477 1660 1515 in
1698 1475 1897 1516 omnibus
1937 1478 2205 1530 argumentis
2236 1486 2279 1516 et
2309 1490 2409 1517 seu·

211 1544 445 1582 tentiarum
475 1555 620 1583 nexus
652 1540 1002 1593 expositionibus
1033 1542 1193 1582 nimius
1224 1555 1324 1583 esse
1354 1540 1489 1593 solet,
1520 1549 1593 1582 aut
1621 1554 1711 1582 rem
1741 1542 1878 1593 ipsam
1907 1554 1986 1582 acu
2010 1554 2095 1582 non
2124 1543 2278 1598 tangit.
2336 1542 2410 1584 Sic

208 1618 360 1649 nostro
390 1610 578 1649 carmine
609 1608 689 1649 hoc
718 1609 930 1648 contineri
961 1608 1091 1648 dicit:
1148 1608 1366 1649 Postumus·
1395 1608 1503 1648 wir-d
1528 1607 1738 1658 ermalmt,
1780 1609 1882 1659 das,
1919 1621 2007 1648 was·
2035 1622 2084 1648 er
2111 1608 2286 1660 beu'tze,
2314 1622 2411 1649 ver-

208 1680 345 1728 gm‘t'gt
371 1687 422 1715 zu
449 1677 688 1728 geniessen,
725 1673 822 1714 weil
855 1687 902 1714 er
929 1678 982 1715 im
1023 1673 1134 1715 Tode
1168 1673 1271 1715 doch
1307 1674 1414 1715 alles
1448 1673 1739 1714 zuriicklassen
1771 1679 1915 1715 milwe.
1975 1673 2096 1722 Quae
2133 1676 2247 1715 enim
2282 1673 2409 1715 nulla

208 1740 335 1782 adest
380 1739 648 1792 adhortatio,
680 1749 726 1781 ut
762 1739 993 1781 Postumus
1024 1741 1115 1781 vita
1150 1738 1351 1782 hilariter
1386 1740 1576 1791 fruatur,
1624 1754 1715 1781 eam
1752 1741 1907 1781 adesse
1936 1741 2174 1789 contendit3
2215 1742 2407 1782 omnium

209 1816 477 1848 caeterarum
508 1808 846 1856 sententiarum,
886 1820 996 1856 quae
1026 1808 1207 1857 adsunt,
1245 1806 1410 1847 nullam
1440 1807 1699 1846 mentionem
1730 1807 1847 1847 facit.

318 1871 510 1915 Uberius
532 1872 726 1928 quidem,
757 1871 833 1913 sed
853 1885 936 1912 non
961 1874 1121 1914 rectius
1141 1873 1349 1927 exposuit
1372 1880 1668 1927 argumentum
1686 1871 1808 1913 Jani
1828 1873 1948 1926 (edit.
1969 1874 2109 1928 prima
2128 1874 2271 1928 1778),
2289 1875 2406 1930 quod

208 1938 545 1983 Mitscherlic
559 1937 679 1980 hius
702 1939 843 1993 (1800)
860 1951 994 1990 paene
1017 1938 1233 1993 integrum
1252 1940 1298 1979 in
1321 1953 1443 1980 suam
1469 1939 1704 1980 editionem
1728 1938 1973 1991 transtulit,
1995 1938 2184 1982 Preiss
2199 1972 2211 1993 ,
2238 1950 2284 1981 ut
2307 1955 2404 1983 cae-

210 2017 302 2048 tera
324 2004 685 2056 Mitscherlichii,
716 2007 759 2044 in
782 2006 1041 2045 teutonicam
1069 2004 1264 2060 linguam
1292 2006 1439 2046 vertit.
1482 2005 1563 2045 Est
1594 2014 1736 2046 autem
1765 2005 1869 2046 hoc:
1910 2006 2019 2057 „De
2047 2017 2183 2048 morte
2200 2007 2404 2049 omnibus

212 2074 426 2115 communi
456 2074 655 2123 vitaeque
688 2071 899 2113 brevitate
930 2080 1056 2126 atque
1087 2071 1186 2113 hinc
1215 2072 1342 2113 ducto
1368 2071 1447 2112 illa
1471 2072 1720 2123 perfruendi
1747 2072 1887 2114 officio
1917 2073 2241 2126 philosophiam
2270 2076 2404 2116 toties

206 2142 296 2194 jain
334 2144 558 2180 tractatam
600 2137 682 2179 hoc
724 2139 854 2179 etiam
890 2139 1077 2178 carmine
1117 2143 1272 2179 tractat
1301 2137 1380 2185 H.;
1446 2138 1521 2178 sed
1552 2151 1665 2178 novo
1706 2140 1858 2179 iterum
1897 2154 2035 2191 more,
2076 2153 2187 2181 nova
2223 2154 2406 2182 conver-

210 2208 337 2247 sione
357 2213 622 2246 exornatam.
680 2203 791 2245 Nam
821 2203 891 2245 hic
919 2205 1117 2256 inprimis
1154 2203 1324 2256 plenius
1355 2205 1641 2259 exactiusque
1671 2206 1880 2259 exprimit
1910 2218 2156 2248 communes
2184 2206 2238 2248 de
2267 2215 2406 2249 morte

211 2281 254 2312 et
285 2271 499 2312 brevitate
531 2273 646 2311 vitae
676 2270 821 2321 locos,
861 2272 955 2322 ipsa
984 2272 1085 2311 inde
1117 2271 1351 2311 derivanda
1390 2273 1506 2310 vitae
1540 2280 1768 2325 praecepta
1796 2285 1942 2322 parum
1973 2275 2178 2328 attingit,
2218 2276 2327 2325 sive,
2360 2284 2405 2315 ut

211 2337 343 2379 hodie
363 2337 619 2392 loquuntur,
648 2338 912 2391 praemissas
936 2346 1100 2378 tantum
1121 2336 1337 2391 explicat,
1367 2335 1688 2377 conclusionem
1717 2337 1816 2378 inde
1846 2337 2137 2395 colligendam
2161 2330 2295 2380 amico
2314 2341 2404 2394 ipsi

210 2403 430 2454 relinquit.
463 2427 516 2434 -—
546 2403 717 2458 Regnat
746 2404 875 2444 etiam
912 2404 955 2443 in
988 2403 1067 2444 hoc
1096 2405 1282 2444 carmine
1321 2402 1498 2445 mollius
1529 2404 1740 2458 quoddam
1773 2408 1816 2446 et
1851 2404 2045 2447 flebilius
2068 2406 2236 2457 πάθος,
2275 2421 2404 2463 quam

210 2471 255 2509 in
294 2471 479 2511 caeteris
520 2470 715 2524 ejusdem
748 2472 1014 2524 argumenti,
1062 2476 1106 2511 et
1134 2470 1326 2511 sedatior
1360 2469 1564 2521 quaedam
1602 2473 1820 2525 gravitas,
1857 2481 1904 2511 ut
1937 2480 2105 2522 poetam
2142 2472 2286 2526 ipsum
2310 2475 2404 2526 jam

211 2541 349 2577 aetate
378 2536 682 2588 profectiorem
712 2535 854 2578 fuisse
884 2539 1136 2592 appareat.“
1192 2535 1372 2592 (Omnes
1391 2535 1566 2589 laudes,
1597 2551 1703 2593 quas
1724 2537 1880 2578 addere
1905 2535 2042 2590 solet,
2072 2539 2215 2581 omisi.
2271 2538 2405 2582 Kam-

211 2615 293 2657 que
324 2616 397 2641 eas
428 2604 519 2643 nisi
550 2604 842 2654 demonstres,
878 2604 1155 2654 pronuntiare
1185 2604 1474 2644 tantummodo
1504 2602 1619 2644 nulli
1649 2604 1748 2644 usui
1779 2604 1878 2657 est.)

326 2665 450 2715 Quod
482 2669 619 2722 igitur
649 2678 723 2711 aut
753 2683 836 2710 uno
864 2674 1031 2711 tantum
1061 2669 1192 2711 verbo
1221 2669 1313 2726 legi
1343 2670 1513 2711 videtur
1542 2671 1614 2724 (de
1643 2669 1766 2711 brevi
1795 2670 1967 2712 domino
1997 2686 2129 2726 supra
2152 2676 2405 2728 expositum

211 2736 295 2787 est)
317 2740 390 2774 aut
410 2731 533 2773 nullo
554 2735 687 2776 verbo
713 2735 898 2791 legitur,
930 2737 974 2777 id
1005 2738 1267 2777 contendunt
1295 2738 1368 2778 isti
1398 2738 1654 2790 interpretes
1675 2736 1759 2778 dici
1790 2737 1875 2788 „de
1898 2739 2013 2779 vitae
2037 2737 2252 2780 brevitate
2275 2750 2402 2798 atque

212 2799 310 2840 hinc
340 2800 466 2840 ducto
496 2799 741 2850 perfruendi
775 2802 969 2844 officio.“
1027 2802 1123 2844 Vix
1153 2803 1426 2859 aliquatenus
1456 2816 1503 2842 se
1532 2805 1727 2843 correxit
1764 2802 1891 2855 Jani,
1927 2805 2041 2860 quod
2079 2807 2271 2861 ingenue
2306 2822 2402 2860 pro-

208 2865 377 2907 fitetur:
440 2867 576 2920 „ipsa
625 2867 726 2907 inde
768 2869 1001 2909 derivanda
1050 2870 1167 2911 vitae
1209 2877 1437 2927 praecepta
1480 2882 1630 2923 parum
1677 2871 1852 2926 attingit
1897 2871 2057 2922 (potius
2107 2886 2164 2915 ne
2223 2877 2400 2931 attingit

208 2932 395 2985 quidem)
427 2933 521 2974 sive
552 2931 871 2977 conclusionem
902 2935 1193 2992 colligendam
1222 2938 1358 2979 amico
1386 2937 1470 2988 ipsi
1500 2935 1756 2993 relinquit.“
1814 2937 2005 2991 Dubito,
2035 2942 2136 2992 quin
2159 2940 2267 2982 hanc
2291 2956 2392 2982 con—
