2677 3370
1230 59 1362 108 ‚18
1551 69 1571 83 ³⁴

1195 112 1467 133 --————--

214 203 307 248 labi
337 202 481 256 quivis
523 196 653 241 nullo
693 203 884 250 tempore
927 195 1087 237 fortius
1128 194 1288 247 sentit,
1332 206 1460 250 quam
1496 193 1587 238 die
1630 192 1818 236 natali
1868 194 2103 248 redeunte,
2151 197 2312 252 quippe
2367 210 2452 253 quo

216 279 441 318 monetur,
467 275 647 321 quotum
677 276 836 305 annum
866 263 1026 302 aetatis
1056 260 1130 301 vel
1160 262 1304 316 egerit
1334 260 1407 301 vel
1437 262 1729 316 ingrediatur.

329 334 405 376 Sic
436 345 464 372 a
500 329 592 372 fine
628 328 838 369 carminis
879 334 999 384 retro
1042 324 1198 381 pedem
1235 325 1428 367 ferentes
1471 327 1645 369 tandem
1673 328 1951 380 pervenimus
1990 327 2045 368 ad
2084 327 2230 381 ipsum
2270 328 2452 379 fontem,

220 402 337 442 unde
365 398 508 441 omnia
533 393 868 448 profluxerunt,
898 392 958 433 adr
983 393 1328 434 occasionem
1368 391 1493 443 dico,
1529 405 1615 447 qua
1650 401 1777 444 poeta
1814 406 1922 435 usus
1962 401 2030 433 est
2071 392 2126 433 ad
2168 391 2249 433 hoc
2279 391 2479 435 carmen‘

222 463 582 519 componendum.
652 460 904 502 Externa
938 460 1076 513 igitur
1119 457 1216 511 ejus
1259 457 1400 497 forma
1438 458 1636 512 poetica,
1684 470 1769 509 qua
1811 471 1953 514 genus
1993 458 2198 498 carminis
2229 456 2452 507 definitor,

220 533 325 573 haec
368 536 466 580 est,
516 535 567 568 ut
624 526 846 568 contineat
900 525 1028 579 quasi
1078 521 1477 564 salutationem
1523 521 1780 564 Postumo
1830 524 1971 565 diem
2026 522 2260 564 natalem
2309 522 2453 564 cele·-

221 595 407 638 branti
437 593 787 647 propositam.

328 659 513 710 Propter
543 656 650 697 illas
680 664 825 696 autem
855 667 1011 694 causas
1034 652 1272 692 Postumi
1304 651 1438 692 diem
1468 651 1706 693 natalem
1739 650 1980 706 significari
2015 655 2176 694 rectius
2207 660 2311 707 puto
2336 653 2456 706 judi-

219 738 373 776 casse,
425 736 552 775 quam
593 719 906 762 Grotesendius
936 720 1010 770 qui
1048 718 1176 758 anni
1215 718 1431 758 initium
1474 717 1770 773 significatum
1802 732 1900 758 esse
1930 720 2124 769 censuit,
2173 719 2285 759 unde
2327 729 2456 774 poeta

218 792 497 833 occasionem
527 787 787 842 arripuerit,
828 787 1013 827 amicum
1042 784 1096 825 de
1126 785 1332 835 temporis
1365 783 1471 838 suga
1500 783 1756 825 consolandi
1787 789 1830 825 et
1859 783 1909 824 ad
1944 782 2129 824 hilarem
2168 787 2287 826 vitae
2325 799 2453 826 usum

220 856 511 904 adhortandi,
553 854 667 909 quod
701 853 877 893 omnino
920 864 1077 891 vereor
1116 863 1169 890 ne
1199 851 1341 904 magis
1373 851 1514 890 nostri
1559 852 1697 891 moris
1735 864 1892 902 causa,
1935 863 2020 901 quo
2063 850 2253 891 faustum
2298 864 2454 892 novum

222 936 385 964 annum
415 921 569 962 amicis
600 919 768 972 precari
799 916 1017 968 solemus,
1041 916 1325 969 judicaverit.

332 987 429 1029 Jam
460 1000 565 1027 vero
596 998 727 1040 quum
756 984 901 1024 omnia
936 983 998 1022 ita
1040 982 1100 1023 de
1139 981 1345 1022 Postumo
1374 981 1488 1021 dicta
1519 995 1619 1022 esse
1649 983 2013 1035 cognoverimus,
2052 990 2099 1022 ut
2129 980 2239 1022 nihil
2273 995 2355 1022 non
2389 983 2451 1022 ad

224 1054 411 1096 eundem
455 1052 693 1107 pertineat,
732 1049 972 1103 poterimus
1003 1049 1167 1100 pariter
1202 1061 1256 1088 ex
1299 1049 1392 1098 ipso
1424 1049 1613 1087 carmine
1643 1046 1821 1088 facilius
1852 1059 1979 1099 atque
2001 1049 2140 1088 tutius
2172 1062 2453 1102 cognoscere,

225 1133 338 1176 quae
377 1118 586 1159 Postumo
625 1116 758 1156 fuerit
796 1127 941 1154 rerum
984 1113 1207 1164 conditio,
1250 1126 1361 1167 quae
1403 1122 1547 1164 aetas,
1593 1111 1746 1163 quales
1795 1126 1965 1164 mores,
2012 1127 2122 1164 quae
2172 1128 2298 1168 spes,
2342 1128 2451 1169 quae

223 1188 368 1239 pietas
400 1191 442 1223 et
472 1182 643 1236 reliqua
673 1179 805 1233 hujus
838 1180 1032 1233 generis.
1091 1178 1212 1218 Haec
1243 1179 1390 1218 onmia
1419 1184 1562 1218 autem
1590 1177 1890 1217 concludendo
1915 1183 2078 1218 tantum
2105 1188 2220 1219 recte
2244 1181 2451 1234 cognosci

221 1262 354 1301 posse
385 1248 538 1288 censui
569 1260 628 1287 ex
662 1247 745 1295 iis,
775 1258 887 1299 quae
917 1251 1065 1294 aperte
1095 1257 1120 1283 a
1149 1252 1276 1294 poeta
1306 1244 1422 1284 dicta
1451 1257 1552 1283 esse
1591 1242 1700 1283 bene
1742 1242 2117 1284 intellexerimus.
2178 1244 2272 1285 Hac
2313 1246 2451 1299 igitur

221 1316 396 1356 ratione
434 1320 666 1366 utrumque
702 1309 817 1350 illud
856 1309 969 1364 quod
1001 1317 1201 1349 accurate
1241 1308 1600 1363 distinguendum
1641 1317 1707 1349 est
1748 1307 1879 1349 simul
1924 1307 2198 1360 videbimus,
2244 1318 2289 1349 et
2329 1311 2451 1365 quis

221 1380 396 1422 fuerit
435 1376 742 1427 Postumus,
779 1376 810 1415 i.
850 1389 889 1415 e.
921 1374 1024 1429 quid
1053 1382 1181 1425 poeta
1211 1374 1271 1414 de
1303 1388 1366 1414 eo
1398 1375 1552 1414 anticis
1584 1376 1679 1415 suis
1711 1374 2054 1428 significaverit,
2099 1388 2205 1429 ergo
2249 1389 2368 1426 nos,
2414 1378 2454 1416 si

223 1453 340 1486 recte
371 1441 737 1492 concluserimus,
769 1440 992 1490 docuerit,
1024 1448 1067 1480 et
1096 1439 1199 1491 quid
1232 1440 1343 1493 ipsi
1375 1439 1633 1480 Postumo
1665 1440 1852 1480 dixerit.

333 1509 495 1549 lterum
526 1515 669 1546 autem
700 1520 726 1545 a
755 1504 845 1546 fine
874 1506 1081 1545 carminis
1112 1506 1226 1545 viam
1257 1505 1431 1559 ingredi
1462 1513 1506 1544 et
1538 1519 1606 1545 me
1641 1507 1836 1555 recipere
1869 1518 2006 1555 usque
2037 1504 2091 1545 ad
2124 1506 2297 1545 initium
2317 1504 2456 1556 lubet,

224 1583 274 1616 ut
303 1574 558 1622 ostendam,
599 1569 673 1611 ubi
701 1572 793 1624 jam
821 1568 976 1611 Janius
1009 1584 1083 1621 ea,
1114 1584 1222 1621 quae
1253 1570 1306 1611 ad
1337 1570 1591 1611 Postumum
1622 1571 1866 1625 pertinent,
1899 1571 2009 1611 satis
2041 1577 2164 1611 recte.
2189 1573 2457 1625 exposuisse

223 1640 331 1682 mihi
356 1639 581 1687 videatur,
613 1645 657 1677 et
676 1636 781 1691 quid
801 1634 857 1676 ab
879 1649 932 1675 eo
955 1636 1144 1676 nondum
1162 1637 1272 1676 satis
1293 1635 1573 1690 exploratum
1605 1650 1705 1676 esse
1729 1650 1943 1676 censeam.
1990 1634 2116 1684 Quod
2141 1637 2278 1691 igitur
2296 1636 2453 1678 Janius

218 1706 476 1748 Postumum
520 1703 664 1757 primo
710 1699 909 1756 appellat
953 1701 1185 1742 divitem
1227 1709 1272 1742 et
1310 1700 1654 1755 opulentum,
1700 1701 1776 1742 sed
1805 1714 2014 1752 parcum
2047 1701 2228 1742 eundem
2260 1706 2304 1743 et
2332 1717 2457 1743 ava-

225 1785 359 1822 rum,
403 1769 449 1810 id
493 1767 603 1809 mihi
645 1767 823 1808 videtur
868 1775 987 1808 recte
1027 1765 1303 1807 conclusisse
1347 1780 1403 1807 ex
1453 1765 1607 1808 ultima
1653 1765 1847 1821 stropha.
1907 1765 2080 1808 Deinde
2123 1766 2357 1810 Postumus
2403 1768 2458 1810 ab

226 1852 279 1878 co
310 1835 555 1888 appellatur
585 1834 813 1874 otiosam
842 1833 895 1872 in
927 1833 1100 1873 terris
1133 1833 1248 1872 suis
1279 1833 1441 1872 vitam
1479 1846 1669 1886 agens,
1705 1833 1857 1886 agris
1888 1831 2178 1887 hortisque
2209 1833 2457 1876 colendis

225 1906 505 1951 intentus,
557 1912 668 1954 quae
706 1899 811 1938 item
857 1896 969 1938 bene
1013 1910 1069 1938 ex
1114 1895 1291 1948 stropha
1335 1895 1515 1937 ultimae
1558 1897 1844 1938 antecedente
1889 1895 1999 1938 bene
2038 1897 2268 1940 conclusit.
2329 1898 2458 1948 Quod

226 1976 371 2009 nutem
403 1975 493 2006 tum
523 1964 657 2014 dicit,
697 1976 796 2004 eum
827 1970 1050 2003 mortem
1082 1963 1338 2002 timuisse
1375 1975 1424 2002 ac
1454 1962 1514 2002 de
1544 1964 1790 2003 sanitate
1820 1976 1915 2003 sua
1945 1962 2148 2012 tuenda
2183 1964 2457 2008 admodum

227 2032 309 2075 sol
324 2031 542 2084 lisscitum
573 2028 778 2077 fuisse,
808 2027 852 2067 id
874 2026 983 2069 mibi
1004 2027 1178 2081 quidem
1199 2027 1373 2067 videtur
1390 2040 1474 2067 non
1494 2029 1604 2068 satis
1627 2027 2067 2069 subtiliter-dixisse.
2111 2028 2222 2069 Eum
2242 2032 2356 2072 enim
2372 2045 2457 2072 non

227 2109 313 2139 tam
342 2096 596 2139 timuisse
625 2100 872 2144 mortem,
903 2105 1028 2144 quam
1057 2092 1188 2153 odio
1219 2090 1479 2133 habuisse
1509 2093 1595 2144 ita,
1627 2100 1673 2133 ut
1704 2094 1885 2135 invisa
1914 2094 1956 2135 ei
1979 2099 2130 2135 essent
2151 2097 2318 2147 omnia,
2348 2111 2457 2148 quae

228 2168 367 2215 ipsum
387 2161 595 2216 juberent
612 2171 846 2200 memorem
878 2171 980 2198 esse
1005 2158 1286 2199 necessitatis
1310 2157 1546 2210 moriendi,
1578 2158 1679 2199 inde
1705 2167 1848 2214 patet,
1878 2159 1991 2216 quod
2024 2160 2065 2201 ei
2096 2156 2304 2203 invisae
2336 2172 2458 2205 erant

230 2230 442 2281 cupressi.
500 2225 603 2267 Inde
635 2234 803 2275 autem,
841 2224 954 2279 quod
985 2233 1116 2278 poeta
1145 2225 1278 2275 dicit,
1315 2226 1355 2264 ei
1388 2224 1672 2274 relinquenda
1702 2226 1797 2265 fore
1827 2227 1974 2265 omnia
2003 2227 2253 2278 carissima,
2285 2229 2458 2274 videtur

229 2292 576 2338 concludendum
609 2304 733 2341 esse,
770 2303 870 2332 eum
898 2290 1115 2330 omnino
1144 2290 1280 2330 mori
1312 2288 1561 2330 noluisse
1593 2289 1662 2331 vel
1695 2300 1813 2331 certe
1843 2291 2037 2331 remedia
2066 2293 2460 2347 circumspexisse,

227 2358 386 2415 quibus
417 2358 557 2409 primo
584 2354 882 2395 tantummodo
927 2362 1133 2410 quantum
1172 2354 1271 2395 fieri
1302 2363 1451 2407 posset
1488 2353 1750 2411 longissime
1791 2370 1840 2398 ac
1870 2357 2093 2398 tutissime
2123 2366 2303 2399 mortem
2343 2374 2369 2401 a
2407 2375 2455 2402 se

231 2432 498 2473 removeret,
529 2422 703 2462 tandem
727 2425 870 2460 autem
902 2429 1100 2461 temere
1130 2421 1234 2461 sibi
1265 2422 1656 2472 persuaderet,
1687 2437 1741 2462 se
1774 2436 1936 2476 posse
1968 2423 2211 2477 profecto
2237 2432 2457 2467 mortem

230 2490 495 2544 effugere.
555 2486 674 2527 Idem
714 2490 837 2540 patet
876 2499 932 2526 ex
981 2500 1071 2526 vss.
1119 2487 1169 2528 13
1211 2510 1263 2517 —
1310 2488 1375 2528 16.
1436 2487 1485 2527 Si
1536 2488 1649 2527 enim
1697 2487 1846 2529 harum
1898 2490 2145 2529 cautionum
2196 2489 2240 2530 id
2292 2499 2457 2533 tantum

231 2554 465 2596 consilium
495 2553 680 2602 fuisset,
726 2560 775 2591 ut
814 2564 870 2591 ne
899 2559 1174 2605 praematura
1210 2560 1348 2591 morte
1384 2551 1683 2603 occumberet,
1722 2552 1966 2593 laudandus
2006 2544 2168 2594 suisset
2207 2554 2459 2607 Postumus,

231 2635 308 2661 nec
331 2622 435 2673 jure
467 2630 548 2658 suo
578 2625 706 2667 poeta
734 2616 953 2667 dixisset,
994 2616 1204 2657 frustra
1235 2631 1333 2657 eum
1364 2618 1503 2657 vitare
1536 2616 1617 2657 illa
1647 2619 1764 2659 vitae
1794 2617 2006 2672 pericula.
2064 2617 2260 2674 Namque
2291 2621 2456 2663 talibus

233 2682 510 2725 cautionibus
549 2682 748 2733 profecto
779 2682 1067 2735 impediemus
1104 2682 1335 2736 quominus
1365 2684 1581 2723 maturius
1619 2685 1876 2733 moriamur,
1919 2696 2044 2737 quam
2075 2698 2100 2724 a
2138 2694 2294 2727 natura
2329 2678 2457 2729 nobis

231 2750 515 2791 constitutum
547 2754 629 2788 est.
688 2744 789 2787 Non
826 2755 944 2788 recte
983 2748 1121 2803 igitur
1159 2746 1241 2788 hoe
1279 2748 1506 2788 adnotavit
1548 2746 1953 2790 Mitsclnerlichius:
2013 2748 2172 2801 „Vana
2212 2760 2280 2792 est
2317 2755 2458 2795 omnis

230 2816 452 2858 hominum
488 2815 606 2854 vitae
642 2811 997 2865 valetudinisque
1037 2813 1224 2855 tuendae
1266 2827 1370 2854 cura
1410 2828 1459 2855 ac
1497 2812 1801 2866 sollicitudo,
1827 2828 1923 2856 cum
1972 2829 2108 2858 mors
2147 2818 2461 2860 certissima
