2677 3370
1273 62 1340 106 w

1151 117 1158 126 ι

1147 130 1167 138 a«

185 185 744 254 -nfsbizinipendeatss
804 195 937 239 Recte
965 197 1184 249 dixisset,
1216 198 1256 238 si
1287 195 1356 238 his
1379 195 1554 249 verbis,
1586 210 1695 249 quae
1719 197 1917 241 ‘diductis
1941 198 2097 243 literis
2116 200 2279 257 scripta
2313 210 2432 258 sunt,

191 266 495 318 praemisisset
527 262 633 304 haec
664 261 816 304 verba:
863 263 1111 314 „siquidem
1141 267 1314 315 putant,
1345 262 1560 305 hac¹³cura
1589 277 1674 305 non
1706 272 1794 306 tam
1825 271 2036 307 maturam
2063 273 2269 322 mortem,
2299 284 2432 323 quam

192 344 363 373 omnem
406 332 582 371 omnino
625 338 807 370 mortem
845 328 1003 369 evit‘ari
1046 333 1231 383 posse.“
1292 329 1548 370 Postumum
1586 344 1692 371 vero
1722 331 1813 373 tale
1842 334 1945 387 quid
1989 347 2215 386 sperasse,
2253 338 2431 378 videtur

128 394 149 406 “
190 409 322 452 porro
351 396 454 437 inde
483 394 684 437 concludi
717 409 871 449 posse,
909 394 1022 445 quod
1060 403 1190 449 poeta
1227 395 1336 436 dicit
1365 409 1421 436 vs
1447 396 1493 436 tt
1535 403 1579 436 et
1617 397 1689 437 12:
1721 395 1882 447 „Unda
1910 397 1992 439 tibi
2023 402 2298 455 enaviganda
2328 406 2427 455 erit,

189 463 287 505 sive
317 474 398 502 rex
430 462 519 502 eris
555 462 652 501 sive
682 461 810 513 inops
840 459 1073 501 colonus.“
1132 459 1221 501 Ubi
1246 474 1377 516 quum
1398 460 1520 502 aliud
1546 463 1763 502 cautionis
1785 476 1926 517 genus
1955 475 2259 508 commemoret
2279 477 2427 523 poeta,

190 529 497 583 cognoscimus
535 525 665 566 simul
711 525 834 565 aliud
875 526 1072 566 Postumi
1115 527 1297 577 vitium,
1339 526 1843 569 dissimulationem
1880 530 2152 572 divitiarum.
2208 532 2428 575 Nimirum

191 594 327 633 etiam
359 607 410 632 ea
439 592 558 631 vitae
589 589 786 645 pericula
815 592 957 631 vitare
990 591 1160 631 studuit
1189 590 1447 644 Postumus,
1484 605 1595 644 quae
1636 591 1691 634 ab
1722 592 1826 634 aliis
1858 594 1946 635 sibi
1976 596 2203 637 imminere
2233 601 2426 652 putavit,

190 659 232 698 si
265 662 460 697 uteretur
489 657 663 697 divitiis
696 658 789 697 suis
821 657 873 696 ad
907 657 1041 696 vitam
1071 655 1303 708 splendide
1332 657 1651 712 magnificeque
1683 659 1910 714 agendam.
1969 659 2169 716 Namque
2206 661 2424 705 bellorum

190 723 390 764 civilium
422 724 616 764 cruentis
648 722 1045 777 proscriptionibus
1077 723 1257 774 edoctus
1289 731 1406 775 erat,
1438 723 1550 764 nihil
1583 723 1762 765 facilius
1794 726 1839 765 in
1870 727 2064 766 maxima
2086 729 2203 768 vitae
2228 729 2423 783 pericula

185 790 359 830 ⁴multos
390 790 657 842 conjecisse,
689 802 812 840 quam
846 789 884 829 si
917 789 1079 829 divites
1111 803 1210 830 esse
1239 790 1509 830 viderentur.
1570 789 1722 841 Itaque
1751 791 2009 842 prudentius
2041 797 2084 833 et
2113 796 2252 834 tutius
2275 796 2420 848 duxit,

190 854 547 896 dissimulare
579 855 759 895 divitias
791 863 834 895 et
865 856 1056 910 inopis
1087 854 1269 896 coloni
1308 864 1426 896 sorte
1464 864 1712 896 contentum
1754 871 1853 898 esse
1891 858 2048 899 videri.
2109 857 2237 907 Quod
2278 870 2420 903 autem

193 930 321 973 poeta
353 921 432 962 hoc
463 921 559 962 loco
588 929 633 961 et
663 922 705 961 in
740 935 828 961 vss.
860 922 976 962 13-
998 923 1048 962 16
1077 922 1216 961 utitur
1243 923 1409 973 prima
1440 936 1626 977 persona
1655 925 1825 964 numeri
1857 923 2071 979 pluralis,
2102 928 2299 977 quamvis
2317 928 2422 970 baec

186 990 332 1028 omnia
354 989 406 1028 de
427 986 524 1028 solo
550 985 804 1027 Postumo
826 987 970 1027 dicere
991 985 1124 1038 velit,
1155 988 1198 1028 id
1231 987 1393 1028 fecisse
1423 987 1528 1028 mihi
1566 989 1741 1029 videtur
1763 998 2021 1044 propterea,
2052 992 2163 1042 quod
2186 991 2419 1036 Postumus

193 1054 306 1094 haud
339 1053 470 1093 dubie
501 1053 554 1093 ad
587 1067 663 1093 eos
693 1054 906 1103 pertinuit
930 1052 1152 1104 homines,
1183 1055 1254 1108 qui
1288 1063 1335 1093 ut
1367 1052 1445 1093 ille
1477 1053 1683 1107 garrulus
1716 1056 1757 1094 in
1792 1055 1882 1094 Sat.
1916 1054 1995 1106 l,9
2017 1071 2067 1097 se.
2083 1057 2268 1098 Horatio
2301 1061 2420 1100 ingo-

191 1119 332 1161 lenter
363 1129 408 1159 ut
435 1120 598 1159 amicos
629 1119 790 1158 offerre
815 1117 1037 1169 solebant,
1061 1119 1248 1173 ideoque
1280 1118 1510 1159 Postumus
1538 1120 1751 1160 interdum
1780 1120 2061 1162 familiariter
2089 1137 2136 1163 se
2163 1123 2348 1165 Horatio
2374 1127 2419 1166 in

192 1185 306 1226 villa
332 1185 532 1240 degenti,
562 1197 587 1224 a
611 1182 730 1224 bello
756 1192 797 1223 et
822 1186 926 1223 mari
951 1183 1189 1225 abstinenti
1210 1193 1252 1224 et
1275 1183 1482 1224 Austrum
1503 1186 1710 1224 metuenti
1746 1187 1854 1237 (Sat.
1886 1185 1944 1238 ll,
1974 1189 2041 1238 14,
2072 1189 2140 1242 16)
2163 1191 2418 1244 aequipara-

192 1259 316 1292 verat
334 1257 538 1305 tanquam
571 1250 684 1289 idem
703 1250 939 1300 prudenter
964 1252 1225 1290 sentientem
1253 1264 1302 1289 ac
1329 1256 1453 1290 caute
1485 1250 1739 1300 facientem,
1772 1252 1833 1290 ita
1862 1260 1909 1291 ut
1928 1265 2040 1292 nunc
2059 1264 2185 1303 poeta
2211 1257 2418 1296 imitando

189 1318 315 1372 quasi
350 1318 566 1370 recipiens
597 1315 793 1369 ejusdem
824 1315 1181 1356 consuetudinem
1209 1317 1362 1369 jocosa
1392 1329 1486 1357 cum
1518 1317 1661 1356 ironia
1691 1330 1828 1371 aeque
1849 1316 2128 1359 familiariter
2149 1333 2197 1360 se
2218 1329 2418 1376 tanquam

189 1383 304 1423 idem
336 1384 596 1422 sentientem
627 1383 668 1421 ei
699 1382 1003 1435 aequipararet
1032 1389 1073 1421 et
1104 1395 1201 1420 eum
1233 1383 1459 1422 amicum
1492 1381 1746 1435 appellaret.

299 1447 425 1490 Nihil
462 1457 607 1488 autem
655 1446 780 1488 illam
820 1446 1024 1487 stolidam
1071 1446 1267 1487 Postumi
1306 1461 1426 1501 spem
1471 1446 1741 1489 luculentius
1780 1448 1930 1500 docet,
1975 1463 2100 1504 quam
2139 1451 2252 1505 quod
2290 1458 2418 1502 poeta

190 1514 395 1553 Postumo
437 1513 567 1554 dicit:
627 1526 748 1563 „non
781 1525 940 1552 moram
973 1513 1133 1552 afferes
1167 1513 1468 1552 indomitae
1498 1514 1654 1564 morti,
1686 1527 1796 1564 non,
1828 1515 1868 1553 si
1905 1537 1956 1544 -
1988 1513 2136 1568 places
2169 1515 2414 1569 Plutonem,

185 1581 259 1635 qui
289 1578 533 1632 Geryonem
563 1587 645 1619 etc.
677 1579 1021 1633 compescit.“
1081 1577 1176 1619 Hoc
1207 1579 1321 1619 enim
1344 1586 1473 1633 poeta
1495 1587 1657 1619 temere
1679 1579 1874 1631 diceret,
1905 1580 1991 1620 nisi
2015 1579 2247 1622 Postumus
2278 1583 2416 1624 credi-

189 1647 353 1697 disset,
385 1659 434 1686 se
464 1645 676 1696 compesci
709 1658 792 1684 non
821 1658 952 1699 posse
974 1657 998 1683 a
1022 1642 1209 1692 Plutone
1239 1644 1269 1684 i.
1301 1658 1339 1684 e.
1374 1657 1422 1684 se
1452 1645 1627 1685 domare
1652 1659 1783 1699 posse
1803 1653 1999 1686 mortem.
2055 1644 2197 1697 Atque
2217 1647 2296 1688 hoc
2319 1653 2414 1689 tan·

191 1713 286 1751 dem
305 1711 401 1750 loco
426 1709 557 1751 simul
581 1719 624 1750 et
646 1724 844 1761 causam,
877 1710 990 1750 unde
1012 1709 1245 1750 Postumus
1266 1709 1444 1751 stultam
1470 1709 1593 1751 illam
1615 1724 1731 1763 spem
1761 1713 2026 1761 conceperit,
2056 1720 2097 1751 et
2128 1711 2241 1753 alios
2273 1714 2412 1756 malos

188 1778 386 1831 ejusdem
430 1790 573 1818 mores
616 1777 933 1831 cognoscimus.
992 1775 1207 1826 Primum,
1258 1776 1454 1827 quamvis
1495 1790 1651 1826 parcus
1698 1785 1817 1817 esset
1862 1785 2011 1817 contra
2053 1776 2191 1828 alios,
2252 1789 2412 1831 tamen,

190 1856 322 1898 quum
359 1851 534 1896 propter
569 1843 720 1882 mortis
758 1841 906 1880 odium
944 1850 1069 1880 caute
1109 1842 1338 1880 sanitatem
1369 1853 1490 1880 suam
1522 1842 1636 1880 tueri
1677 1841 1895 1891 studeret,
1938 1854 2024 1881 non
2056 1842 2194 1882 stulto
2224 1843 2413 1885 aliorum

191 1923 420 1948 avarorum
453 1916 496 1948 et
527 1920 752 1961 parcorum
782 1919 909 1946 more
933 1907 1028 1959 ipse
1053 1907 1174 1959 Justo
1206 1906 1323 1946 victu
1354 1907 1417 1945 ita
1447 1919 1496 1946 se
1526 1904 1762 1956 abstinuit,
1801 1915 1846 1945 ut
1876 1919 2031 1957 corpus
2054 1909 2191 1948 macie
2221 1908 2413 1950 tabuerit

189 1989 239 2015 ac
271 1975 489 2024 senuerit,
520 1973 595 2014 sed
624 1973 769 2023 potius
800 1985 848 2012 se
881 1971 989 2012 bene
1020 1972 1188 2011 curavit
1219 1971 1404 2022 ideoque
1436 1984 1542 2012 sano
1572 1985 1621 2012 ac
1644 1972 1753 2011 satis
1778 1970 1928 2012 valido
1952 1985 2129 2023 corpore
2151 1973 2263 2024 fuit,
2295 1976 2412 2016 unde

188 2053 329 2091 neque
355 2038 438 2080 sibi
466 2052 603 2090 neque
626 2037 731 2078 aliis
749 2038 840 2091 jam
868 2037 1215 2088 provectiore
1246 2044 1388 2076 aetate
1417 2036 1557 2076 videri
1583 2035 1739 2077 voluit.
1798 2035 1911 2077 Tum
1937 2049 2042 2077 vero
2068 2052 2123 2078 ex
2157 2037 2246 2078 alia
2277 2053 2414 2081 causa

188 2106 327 2146 adhuc
358 2107 562 2145 tutiorem
593 2118 641 2144 se
678 2112 828 2144 contra
866 2111 1134 2142 senectutem
1175 2110 1218 2141 et
1260 2107 1437 2141 mortem
1478 2101 1660 2142 reddere
1691 2116 1823 2155 posse
1861 2103 2060 2142 credidit.
2121 2102 2265 2150 Quum
2297 2107 2415 2146 enim

186 2172 366 2213 divitias
397 2185 421 2211 a
452 2185 501 2212 se
530 2183 613 2210 non
645 2181 826 2224 prorsus
858 2166 1130 2209 dissimulari
1160 2181 1289 2219 posse
1318 2165 1613 2222 intelligeret,
1643 2167 1772 2216 vidit,
1802 2166 1974 2222 aliquos
2006 2167 2162 2210 saltem
2193 2171 2235 2210 in
2268 2170 2417 2224 aliqua

189 2250 236 2278 re
275 2245 475 2291 sumptus
520 2234 607 2277 sibi
645 2248 744 2276 esse
783 2234 1032 2285 faciendos,
1079 2247 1157 2284 ne,
1205 2234 1245 2273 si
1275 2232 1329 2273 ab
1369 2234 1484 2273 omni
1517 2242 1687 2284 sumptu
1732 2232 1993 2284 abstineret,
2036 2235 2079 2274 in
2121 2237 2414 2287 suspicionem

187 2305 401 2343 avaritiae
451 2302 647 2352 caderet,
692 2304 817 2354 cujus
864 2302 994 2340 etiam
1045 2300 1230 2350 speciem
1277 2312 1303 2337 a
1339 2312 1387 2338 se
1428 2312 1653 2338 removere
1692 2299 1873 2339 studuit.
1935 2300 2230 2341 Simulavit
2277 2304 2413 2355 igitar

183 2371 468 2421 pietatem,
499 2368 731 2420 quotannis
762 2380 965 2421 magnum
985 2366 1113 2407 unius
1145 2366 1260 2406 tauri
1285 2362 1550 2406 sacrificium
1588 2364 1828 2405 offerendo.
1888 2365 1974 2407 Sed
1999 2366 2130 2408 simul
2162 2365 2411 2410 callidus

188 2448 290 2475 esse
330 2433 487 2474 voluit.
548 2432 702 2473 Diem
747 2431 954 2473 sacrificii
1000 2431 1218 2472 offerendi
1266 2430 1404 2484 elegit
1451 2429 1690 2470 natalem
1736 2443 1886 2482 suum,
1928 2432 2078 2471 deum
2123 2439 2294 2484 autem,
2340 2436 2411 2475 cui

188 2501 372 2540 offerret
409 2513 556 2550 sacra,
601 2497 903 2538 Plutonem.
962 2495 1049 2538 Ubi
1080 2498 1219 2551 igitur
1256 2496 1416 2536 caeteri
1462 2493 1660 2536 homines
1698 2495 1862 2545 Genio,
1909 2497 1978 2535 cui
2019 2498 2153 2537 vitam
2194 2508 2411 2549 acceptam

188 2564 401 2614 debeant,
441 2566 554 2618 grati
585 2564 717 2604 animi
758 2562 1038 2617 significandi
1075 2575 1209 2602 causa
1238 2574 1361 2602 sacra
1391 2560 1536 2601 facere
1566 2559 1791 2610 solebant,
1831 2559 2066 2601 Postumus
2100 2561 2289 2604 callidus
2318 2576 2412 2605 ma·

190 2630 283 2689 luit⁶
307 2628 479 2669 Plutoni
514 2644 637 2670 sacra
666 2629 853 2678 offerre,
891 2636 939 2667 ut
969 2629 1100 2668 vitam
1130 2641 1206 2678 per
1234 2640 1330 2667 eum
1362 2626 1528 2666 diutius
1560 2628 1853 2666 conservaret.
1915 2625 2000 2666 Sed
2031 2626 2129 2667 fieri
2161 2627 2304 2679 solet,
2343 2639 2414 2681 nt,

187 2695 346 2750 quibus
377 2704 580 2745 prospere
612 2695 851 2744 successit,
884 2701 932 2732 ut
961 2691 1209 2733 homines
1238 2691 1470 2741 fallerent,
1501 2692 1534 2731 ii
1561 2704 1662 2731 mox
1692 2691 1824 2730 etiam
1857 2689 1940 2730 sibi
1974 2692 2084 2731 satis
2111 2691 2265 2734 callidi
2292 2696 2413 2736 vide-

190 2770 319 2802 antur
350 2760 403 2801 ad
434 2761 558 2814 ipsos
589 2760 719 2801 deos
749 2759 985 2801 fallendos.
1045 2758 1118 2800 Sic
1143 2758 1378 2799 Postumus
1408 2765 1557 2808 captus
1589 2764 1682 2796 erat
1713 2755 1793 2797 hac
1824 2758 2235 2810 superstitione
2265 2762 2412 2811 animi,

188 2836 236 2866 ut
261 2828 350 2880 jam
382 2829 572 2878 putaret,
605 2839 653 2866 se
676 2825 756 2866 bac
787 2839 865 2867 sua
894 2825 1080 2875 pietate,
1112 2838 1193 2875 qua
1224 2822 1412 2879 aliquam
1444 2823 1697 2863 divitiarum
1726 2826 1890 2873 partem
1916 2831 2073 2876 sponte
2096 2824 2299 2876 offerret,
2328 2838 2410 2865 nou
