<?xml version="1.0" encoding="UTF-8"?>
<!DOCTYPE html PUBLIC "-//W3C//DTD XHTML 1.0 Transitional//EN"
    "http://www.w3.org/TR/xhtml1/DTD/xhtml1-transitional.dtd">
<html xmlns="http://www.w3.org/1999/xhtml" xml:lang="en" lang="en">
 <head>
  <title>
</title>
<meta http-equiv="Content-Type" content="text/html;charset=utf-8" />
  <meta name='ocr-system' content='tesseract 3.04.00' />
  <meta name='ocr-capabilities' content='ocr_page ocr_carea ocr_par ocr_line ocrx_word'/>
</head>
<body>
  <div class='ocr_page' id='page_1' title='image "4768555_0033.png"; bbox 0 0 2677 3370; ppageno 0'>
   <div class='ocr_carea' id='block_1_1' title="bbox 1302 47 1358 90">
    <p class='ocr_par' dir='ltr' id='par_1_1' title="bbox 1302 47 1358 90">
     <span class='ocr_line' id='line_1_1' title="bbox 1302 47 1358 90; baseline 0.036 -2"><span class='ocrx_word' id='word_1_1' title='bbox 1302 47 1358 90; x_wconf 71' lang='lat'>25</span> 
     </span>
    </p>
   </div>
   <div class='ocr_carea' id='block_1_2' title="bbox 1188 100 1459 113">
    <p class='ocr_par' dir='ltr' id='par_1_2' title="bbox 1188 100 1459 113">
     <span class='ocr_line' id='line_1_2' title="bbox 1188 100 1459 113; baseline 0 0"><span class='ocrx_word' id='word_1_2' title='bbox 1188 100 1459 113; x_wconf 95' lang='lat' dir='ltr'> </span> 
     </span>
    </p>
   </div>
   <div class='ocr_carea' id='block_1_3' title="bbox 185 175 2434 2784">
    <p class='ocr_par' dir='ltr' id='par_1_3' title="bbox 201 175 2434 620">
     <span class='ocr_line' id='line_1_3' title="bbox 209 175 2431 232; baseline 0.003 -14"><span class='ocrx_word' id='word_1_3' title='bbox 209 177 322 232; x_wconf 51' lang='lat' dir='ltr'>quod</span> <span class='ocrx_word' id='word_1_4' title='bbox 352 176 480 219; x_wconf 85' lang='lat' dir='ltr'>homo</span> <span class='ocrx_word' id='word_1_5' title='bbox 511 178 712 231; x_wconf 82' lang='lat' dir='ltr'>ejusdem</span> <span class='ocrx_word' id='word_1_6' title='bbox 747 177 935 219; x_wconf 90' lang='lat' dir='ltr'>nominis</span> <span class='ocrx_word' id='word_1_7' title='bbox 960 179 1054 231; x_wconf 83' lang='lat' dir='ltr'>jam</span> <span class='ocrx_word' id='word_1_8' title='bbox 1092 175 1205 228; x_wconf 89' lang='lat' dir='ltr'>apud</span> <span class='ocrx_word' id='word_1_9' title='bbox 1234 175 1506 228; x_wconf 82' lang='lat' dir='ltr'><strong>Propertium</strong></span> <span class='ocrx_word' id='word_1_10' title='bbox 1538 183 1581 219; x_wconf 87' lang='lat' dir='ltr'>et</span> <span class='ocrx_word' id='word_1_11' title='bbox 1619 176 1760 220; x_wconf 88' lang='lat' dir='ltr'>adhuc</span> <span class='ocrx_word' id='word_1_12' title='bbox 1791 179 1904 232; x_wconf 87' lang='lat' dir='ltr'>apud</span> <span class='ocrx_word' id='word_1_13' title='bbox 1935 178 2167 222; x_wconf 82' lang='lat' dir='ltr'>Horatium</span> <span class='ocrx_word' id='word_1_14' title='bbox 2198 183 2431 225; x_wconf 85' lang='lat' dir='ltr'>vitiosis</span> 
     </span>
     <span class='ocr_line' id='line_1_4' title="bbox 205 240 2433 298; baseline 0.003 -15"><span class='ocrx_word' id='word_1_15' title='bbox 205 240 403 284; x_wconf 86' lang='lat' dir='ltr'>moribus</span> <span class='ocrx_word' id='word_1_16' title='bbox 441 249 523 284; x_wconf 88' lang='lat' dir='ltr'>est.</span> <span class='ocrx_word' id='word_1_17' title='bbox 584 240 713 291; x_wconf 81' lang='lat' dir='ltr'>Quod</span> <span class='ocrx_word' id='word_1_18' title='bbox 749 242 825 297; x_wconf 90' lang='lat' dir='ltr'>qui</span> <span class='ocrx_word' id='word_1_19' title='bbox 861 241 969 283; x_wconf 91' lang='lat' dir='ltr'>bene</span> <span class='ocrx_word' id='word_1_20' title='bbox 1004 241 1296 293; x_wconf 85' lang='lat' dir='ltr'>reputaverit,</span> <span class='ocrx_word' id='word_1_21' title='bbox 1343 240 1475 283; x_wconf 88' lang='lat' dir='ltr'>facile</span> <span class='ocrx_word' id='word_1_22' title='bbox 1512 241 1761 298; x_wconf 84' lang='lat' dir='ltr'><strong>intelliget,</strong></span> <span class='ocrx_word' id='word_1_23' title='bbox 1807 251 1973 285; x_wconf 87' lang='lat' dir='ltr'>tantum</span> <span class='ocrx_word' id='word_1_24' title='bbox 2011 242 2195 298; x_wconf 83' lang='lat' dir='ltr'>abesse,</span> <span class='ocrx_word' id='word_1_25' title='bbox 2220 243 2285 288; x_wconf 46' lang='lat' dir='ltr'>⁷ut</span> <span class='ocrx_word' id='word_1_26' title='bbox 2329 247 2433 293; x_wconf 85' lang='lat' dir='ltr'>illa</span> 
     </span>
     <span class='ocr_line' id='line_1_5' title="bbox 202 301 2434 368; baseline 0.003 -22"><span class='ocrx_word' id='word_1_27' title='bbox 202 319 370 346; x_wconf 88' lang='lat' dir='ltr'>morum</span> <span class='ocrx_word' id='word_1_28' title='bbox 401 307 734 347; x_wconf 88' lang='lat' dir='ltr'>diversitate</span> <span class='ocrx_word' id='word_1_29' title='bbox 772 307 1135 360; x_wconf 80' lang='lat' dir='ltr'>impediamur</span> <span class='ocrx_word' id='word_1_30' title='bbox 1171 301 1824 361; x_wconf 72' lang='lat' dir='ltr'>quominus‘concludamus‚</span> <span class='ocrx_word' id='word_1_31' title='bbox 1867 309 2051 349; x_wconf 84' lang='lat' dir='ltr'>eundem</span> <span class='ocrx_word' id='word_1_32' title='bbox 2088 309 2305 352; x_wconf 90' lang='lat' dir='ltr'>hominem</span> <span class='ocrx_word' id='word_1_33' title='bbox 2341 315 2434 368; x_wconf 89' lang='lat' dir='ltr'>sig-</span> 
     </span>
     <span class='ocr_line' id='line_1_6' title="bbox 204 370 2432 427; baseline 0.002 -14"><span class='ocrx_word' id='word_1_34' title='bbox 204 370 377 413; x_wconf 86' lang='lat' dir='ltr'>nificari</span> <span class='ocrx_word' id='word_1_35' title='bbox 413 374 458 413; x_wconf 91' lang='lat' dir='ltr'>in</span> <span class='ocrx_word' id='word_1_36' title='bbox 490 381 674 426; x_wconf 89' lang='lat' dir='ltr'>utroque</span> <span class='ocrx_word' id='word_1_37' title='bbox 714 373 927 422; x_wconf 81' lang='lat' dir='ltr'>carmine,</span> <span class='ocrx_word' id='word_1_38' title='bbox 972 380 1021 412; x_wconf 90' lang='lat' dir='ltr'>ut</span> <span class='ocrx_word' id='word_1_39' title='bbox 1051 370 1149 413; x_wconf 89' lang='lat' dir='ltr'>hac</span> <span class='ocrx_word' id='word_1_40' title='bbox 1184 385 1353 413; x_wconf 90' lang='lat' dir='ltr'>morum</span> <span class='ocrx_word' id='word_1_41' title='bbox 1392 371 1763 413; x_wconf 80' lang='lat' dir='ltr'>similitudine</span> <span class='ocrx_word' id='word_1_42' title='bbox 1799 374 1959 416; x_wconf 86' lang='lat' dir='ltr'>fortius</span> <span class='ocrx_word' id='word_1_43' title='bbox 2000 374 2340 427; x_wconf 79' lang='lat' dir='ltr'>impellamur</span> <span class='ocrx_word' id='word_1_44' title='bbox 2376 380 2432 420; x_wconf 88' lang='lat' dir='ltr'>ad</span> 
     </span>
     <span class='ocr_line' id='line_1_7' title="bbox 206 434 2431 493; baseline 0.004 -17"><span class='ocrx_word' id='word_1_45' title='bbox 206 436 253 477; x_wconf 87' lang='lat' dir='ltr'>id</span> <span class='ocrx_word' id='word_1_46' title='bbox 283 437 428 492; x_wconf 87' lang='lat' dir='ltr'>ipsum</span> <span class='ocrx_word' id='word_1_47' title='bbox 458 436 818 478; x_wconf 87' lang='lat' dir='ltr'>concludendum.</span> <span class='ocrx_word' id='word_1_48' title='bbox 885 434 968 476; x_wconf 90' lang='lat' dir='ltr'>Cui</span> <span class='ocrx_word' id='word_1_49' title='bbox 997 435 1266 477; x_wconf 82' lang='lat' dir='ltr'>conclusioni</span> <span class='ocrx_word' id='word_1_50' title='bbox 1305 434 1419 478; x_wconf 88' lang='lat' dir='ltr'>fides</span> <span class='ocrx_word' id='word_1_51' title='bbox 1458 436 1657 488; x_wconf 82' lang='lat' dir='ltr'>accedet,</span> <span class='ocrx_word' id='word_1_52' title='bbox 1695 439 1737 478; x_wconf 88' lang='lat' dir='ltr'>si</span> <span class='ocrx_word' id='word_1_53' title='bbox 1773 439 1856 488; x_wconf 87' lang='lat' dir='ltr'>iis,</span> <span class='ocrx_word' id='word_1_54' title='bbox 1899 453 2009 493; x_wconf 85' lang='lat' dir='ltr'>quae</span> <span class='ocrx_word' id='word_1_55' title='bbox 2053 454 2081 480; x_wconf 88' lang='lat' dir='ltr'>a</span> <span class='ocrx_word' id='word_1_56' title='bbox 2119 440 2342 493; x_wconf 80' lang='lat' dir='ltr'>Propertio</span> <span class='ocrx_word' id='word_1_57' title='bbox 2383 447 2431 484; x_wconf 91' lang='lat' dir='ltr'>ut</span> 
     </span>
     <span class='ocr_line' id='line_1_8' title="bbox 203 500 2431 564; baseline 0.003 -23"><span class='ocrx_word' id='word_1_58' title='bbox 203 503 355 552; x_wconf 87' lang='lat' dir='ltr'>prius</span> <span class='ocrx_word' id='word_1_59' title='bbox 386 506 540 556; x_wconf 86' lang='lat' dir='ltr'>gesta</span> <span class='ocrx_word' id='word_1_60' title='bbox 579 509 881 553; x_wconf 84' lang='lat' dir='ltr'>exponuntur,</span> <span class='ocrx_word' id='word_1_61' title='bbox 911 515 987 553; x_wconf 89' lang='lat' dir='ltr'>ea,</span> <span class='ocrx_word' id='word_1_62' title='bbox 1021 515 1132 553; x_wconf 87' lang='lat' dir='ltr'>quae</span> <span class='ocrx_word' id='word_1_63' title='bbox 1167 504 1321 552; x_wconf 86' lang='lat' dir='ltr'>postea</span> <span class='ocrx_word' id='word_1_64' title='bbox 1360 500 1414 542; x_wconf 93' lang='lat' dir='ltr'>ab</span> <span class='ocrx_word' id='word_1_65' title='bbox 1443 501 1630 543; x_wconf 87' lang='lat' dir='ltr'>Horatio</span> <span class='ocrx_word' id='word_1_66' title='bbox 1661 502 1882 556; x_wconf 88' lang='lat' dir='ltr'>descripta</span> <span class='ocrx_word' id='word_1_67' title='bbox 1912 501 2127 559; x_wconf 83' lang='lat' dir='ltr'>legimus,</span> <span class='ocrx_word' id='word_1_68' title='bbox 2158 518 2245 547; x_wconf 87' lang='lat' dir='ltr'>non</span> <span class='ocrx_word' id='word_1_69' title='bbox 2271 521 2431 564; x_wconf 87' lang='lat' dir='ltr'>repug-</span> 
     </span>
     <span class='ocr_line' id='line_1_9' title="bbox 201 567 1954 620; baseline 0.001 -14"><span class='ocrx_word' id='word_1_70' title='bbox 201 580 327 617; x_wconf 89' lang='lat' dir='ltr'>nare,</span> <span class='ocrx_word' id='word_1_71' title='bbox 373 567 451 606; x_wconf 89' lang='lat' dir='ltr'>sed</span> <span class='ocrx_word' id='word_1_72' title='bbox 488 567 636 620; x_wconf 89' lang='lat' dir='ltr'>potius</span> <span class='ocrx_word' id='word_1_73' title='bbox 675 567 837 620; x_wconf 91' lang='lat' dir='ltr'>optime</span> <span class='ocrx_word' id='word_1_74' title='bbox 874 568 1107 606; x_wconf 90' lang='lat' dir='ltr'>convenire</span> <span class='ocrx_word' id='word_1_75' title='bbox 1143 580 1193 606; x_wconf 90' lang='lat' dir='ltr'>ac</span> <span class='ocrx_word' id='word_1_76' title='bbox 1231 575 1520 607; x_wconf 89' lang='lat' dir='ltr'>consentanea</span> <span class='ocrx_word' id='word_1_77' title='bbox 1558 581 1660 608; x_wconf 90' lang='lat' dir='ltr'>esse</span> <span class='ocrx_word' id='word_1_78' title='bbox 1698 568 1954 608; x_wconf 86' lang='lat' dir='ltr'>viderimus.</span> 
     </span>
    </p>

    <p class='ocr_par' dir='ltr' id='par_1_4' title="bbox 200 630 2427 948">
     <span class='ocr_line' id='line_1_10' title="bbox 314 630 2427 685; baseline 0.004 -12"><span class='ocrx_word' id='word_1_79' title='bbox 314 630 529 674; x_wconf 83' lang='lat' dir='ltr'>Videmus</span> <span class='ocrx_word' id='word_1_80' title='bbox 560 639 704 673; x_wconf 87' lang='lat' dir='ltr'>autem</span> <span class='ocrx_word' id='word_1_81' title='bbox 731 631 984 674; x_wconf 88' lang='lat' dir='ltr'>Postumum</span> <span class='ocrx_word' id='word_1_82' title='bbox 1013 631 1126 684; x_wconf 86' lang='lat' dir='ltr'>apud</span> <span class='ocrx_word' id='word_1_83' title='bbox 1154 630 1427 684; x_wconf 81' lang='lat' dir='ltr'>Propertium</span> <span class='ocrx_word' id='word_1_84' title='bbox 1456 631 1596 675; x_wconf 88' lang='lat' dir='ltr'>adhuc</span> <span class='ocrx_word' id='word_1_85' title='bbox 1625 634 1687 674; x_wconf 89' lang='lat' dir='ltr'>ita</span> <span class='ocrx_word' id='word_1_86' title='bbox 1716 647 1919 685; x_wconf 86' lang='lat' dir='ltr'>avarum,</span> <span class='ocrx_word' id='word_1_87' title='bbox 1951 641 1999 675; x_wconf 90' lang='lat' dir='ltr'>ut</span> <span class='ocrx_word' id='word_1_88' title='bbox 2027 647 2113 676; x_wconf 90' lang='lat' dir='ltr'>non</span> <span class='ocrx_word' id='word_1_89' title='bbox 2144 634 2284 678; x_wconf 87' lang='lat' dir='ltr'>solum</span> <span class='ocrx_word' id='word_1_90' title='bbox 2315 637 2427 681; x_wconf 89' lang='lat' dir='ltr'>belli</span> 
     </span>
     <span class='ocr_line' id='line_1_11' title="bbox 201 697 2424 753; baseline 0.004 -17"><span class='ocrx_word' id='word_1_91' title='bbox 201 698 418 753; x_wconf 89' lang='lat' dir='ltr'>marisque</span> <span class='ocrx_word' id='word_1_92' title='bbox 459 697 670 753; x_wconf 90' lang='lat' dir='ltr'>periculis</span> <span class='ocrx_word' id='word_1_93' title='bbox 711 711 759 739; x_wconf 89' lang='lat' dir='ltr'>se</span> <span class='ocrx_word' id='word_1_94' title='bbox 798 706 959 738; x_wconf 86' lang='lat' dir='ltr'>temere</span> <span class='ocrx_word' id='word_1_95' title='bbox 999 702 1212 752; x_wconf 88' lang='lat' dir='ltr'>exponat,</span> <span class='ocrx_word' id='word_1_96' title='bbox 1255 697 1332 738; x_wconf 87' lang='lat' dir='ltr'>sed</span> <span class='ocrx_word' id='word_1_97' title='bbox 1372 699 1502 738; x_wconf 90' lang='lat' dir='ltr'>etiam</span> <span class='ocrx_word' id='word_1_98' title='bbox 1547 712 1756 750; x_wconf 90' lang='lat' dir='ltr'>uxorem,</span> <span class='ocrx_word' id='word_1_99' title='bbox 1814 706 1862 738; x_wconf 88' lang='lat' dir='ltr'>ut</span> <span class='ocrx_word' id='word_1_100' title='bbox 1905 699 2107 751; x_wconf 85' lang='lat' dir='ltr'>videtur,</span> <span class='ocrx_word' id='word_1_101' title='bbox 2167 705 2424 746; x_wconf 83' lang='lat' dir='ltr'>tenerrimae</span> 
     </span>
     <span class='ocr_line' id='line_1_12' title="bbox 200 763 2424 824; baseline 0.003 -21"><span class='ocrx_word' id='word_1_102' title='bbox 200 765 358 803; x_wconf 86' lang='lat' dir='ltr'>aetatis</span> <span class='ocrx_word' id='word_1_103' title='bbox 389 777 439 804; x_wconf 89' lang='lat' dir='ltr'>ac</span> <span class='ocrx_word' id='word_1_104' title='bbox 468 765 712 814; x_wconf 80' lang='lat' dir='ltr'>nuperrime</span> <span class='ocrx_word' id='word_1_105' title='bbox 751 765 796 803; x_wconf 91' lang='lat' dir='ltr'>in</span> <span class='ocrx_word' id='word_1_106' title='bbox 827 765 1161 805; x_wconf 68' lang='lat' dir='ltr'>,matrimonium</span> <span class='ocrx_word' id='word_1_107' title='bbox 1198 764 1370 804; x_wconf 89' lang='lat' dir='ltr'>ductam</span> <span class='ocrx_word' id='word_1_108' title='bbox 1400 764 1473 817; x_wconf 85' lang='lat' dir='ltr'>(cf.</span> <span class='ocrx_word' id='word_1_109' title='bbox 1503 778 1546 805; x_wconf 91' lang='lat' dir='ltr'>v.</span> <span class='ocrx_word' id='word_1_110' title='bbox 1580 766 1633 806; x_wconf 73' lang='lat'>1⁵7</span> <span class='ocrx_word' id='word_1_111' title='bbox 1663 763 1914 818; x_wconf 85' lang='lat' dir='ltr'>„puella“)</span> <span class='ocrx_word' id='word_1_112' title='bbox 1954 765 2193 806; x_wconf 86' lang='lat' dir='ltr'>crudeliter</span> <span class='ocrx_word' id='word_1_113' title='bbox 2221 768 2424 824; x_wconf 86' lang='lat' dir='ltr'>negligat</span> 
     </span>
     <span class='ocr_line' id='line_1_13' title="bbox 200 827 2421 885; baseline 0.004 -18"><span class='ocrx_word' id='word_1_114' title='bbox 200 831 329 884; x_wconf 89' lang='lat' dir='ltr'>atque</span> <span class='ocrx_word' id='word_1_115' title='bbox 358 828 652 884; x_wconf 86' lang='lat' dir='ltr'>imprudenter</span> <span class='ocrx_word' id='word_1_116' title='bbox 682 829 726 867; x_wconf 94' lang='lat' dir='ltr'>in</span> <span class='ocrx_word' id='word_1_117' title='bbox 759 827 892 879; x_wconf 86' lang='lat' dir='ltr'>urbe,</span> <span class='ocrx_word' id='word_1_118' title='bbox 949 827 1159 869; x_wconf 84' lang='lat' dir='ltr'>luxuriae</span> <span class='ocrx_word' id='word_1_119' title='bbox 1187 830 1400 884; x_wconf 87' lang='lat' dir='ltr'>magistra</span> <span class='ocrx_word' id='word_1_120' title='bbox 1429 829 1488 883; x_wconf 75' lang='lat' dir='ltr'>(v-</span> <span class='ocrx_word' id='word_1_121' title='bbox 1521 831 1644 872; x_wconf 78' lang='lat'>17——</span> <span class='ocrx_word' id='word_1_122' title='bbox 1669 830 1762 883; x_wconf 82' lang='lat'>18),</span> <span class='ocrx_word' id='word_1_123' title='bbox 1801 834 1917 871; x_wconf 89' lang='lat' dir='ltr'>certe</span> <span class='ocrx_word' id='word_1_124' title='bbox 1947 830 2161 885; x_wconf 86' lang='lat' dir='ltr'>periculis</span> <span class='ocrx_word' id='word_1_125' title='bbox 2191 830 2421 875; x_wconf 88' lang='lat' dir='ltr'>illecebra-</span> 
     </span>
     <span class='ocr_line' id='line_1_14' title="bbox 201 892 838 948; baseline -0.002 -14"><span class='ocrx_word' id='word_1_126' title='bbox 201 908 294 934; x_wconf 87' lang='lat' dir='ltr'>rum</span> <span class='ocrx_word' id='word_1_127' title='bbox 325 896 575 948; x_wconf 85' lang='lat' dir='ltr'>expositam</span> <span class='ocrx_word' id='word_1_128' title='bbox 605 892 838 944; x_wconf 86' lang='lat' dir='ltr'>relinquat.</span> 
     </span>
    </p>

    <p class='ocr_par' dir='ltr' id='par_1_5' title="bbox 195 957 2421 1537">
     <span class='ocr_line' id='line_1_15' title="bbox 307 957 2420 1014; baseline 0.003 -15"><span class='ocrx_word' id='word_1_129' title='bbox 307 957 401 1000; x_wconf 84' lang='lat' dir='ltr'>Jam</span> <span class='ocrx_word' id='word_1_130' title='bbox 432 960 600 1013; x_wconf 88' lang='lat' dir='ltr'>cogites</span> <span class='ocrx_word' id='word_1_131' title='bbox 632 957 741 1010; x_wconf 89' lang='lat' dir='ltr'>tibi,</span> <span class='ocrx_word' id='word_1_132' title='bbox 781 957 894 999; x_wconf 90' lang='lat' dir='ltr'>hunc</span> <span class='ocrx_word' id='word_1_133' title='bbox 925 957 1178 1000; x_wconf 87' lang='lat' dir='ltr'>Postumum</span> <span class='ocrx_word' id='word_1_134' title='bbox 1216 957 1290 1000; x_wconf 82' lang='lat' dir='ltr'>vel</span> <span class='ocrx_word' id='word_1_135' title='bbox 1319 957 1554 1013; x_wconf 89' lang='lat' dir='ltr'>opprobrio</span> <span class='ocrx_word' id='word_1_136' title='bbox 1584 957 1668 1000; x_wconf 91' lang='lat' dir='ltr'>illo</span> <span class='ocrx_word' id='word_1_137' title='bbox 1698 963 1858 1000; x_wconf 89' lang='lat' dir='ltr'>tactum</span> <span class='ocrx_word' id='word_1_138' title='bbox 1888 959 1961 1001; x_wconf 84' lang='lat' dir='ltr'>vel</span> <span class='ocrx_word' id='word_1_139' title='bbox 1990 961 2232 1014; x_wconf 86' lang='lat' dir='ltr'>periculis,</span> <span class='ocrx_word' id='word_1_140' title='bbox 2263 963 2420 1014; x_wconf 88' lang='lat' dir='ltr'>quibus</span> 
     </span>
     <span class='ocr_line' id='line_1_16' title="bbox 199 1023 2418 1084; baseline 0.003 -19"><span class='ocrx_word' id='word_1_141' title='bbox 199 1032 391 1066; x_wconf 85' lang='lat' dir='ltr'>teneram</span> <span class='ocrx_word' id='word_1_142' title='bbox 420 1039 470 1066; x_wconf 93' lang='lat' dir='ltr'>ac</span> <span class='ocrx_word' id='word_1_143' title='bbox 494 1023 740 1079; x_wconf 87' lang='lat' dir='ltr'>juvenilem</span> <span class='ocrx_word' id='word_1_144' title='bbox 770 1037 955 1065; x_wconf 86' lang='lat' dir='ltr'>uxorem</span> <span class='ocrx_word' id='word_1_145' title='bbox 985 1025 1268 1076; x_wconf 84' lang='lat' dir='ltr'>exposuerit,</span> <span class='ocrx_word' id='word_1_146' title='bbox 1314 1026 1491 1066; x_wconf 87' lang='lat' dir='ltr'>summis</span> <span class='ocrx_word' id='word_1_147' title='bbox 1522 1029 1763 1080; x_wconf 90' lang='lat' dir='ltr'>permotum</span> <span class='ocrx_word' id='word_1_148' title='bbox 1792 1038 1896 1066; x_wconf 87' lang='lat' dir='ltr'>mox</span> <span class='ocrx_word' id='word_1_149' title='bbox 1930 1026 2122 1068; x_wconf 87' lang='lat' dir='ltr'>rediisse</span> <span class='ocrx_word' id='word_1_150' title='bbox 2151 1035 2282 1084; x_wconf 87' lang='lat' dir='ltr'>atque</span> <span class='ocrx_word' id='word_1_151' title='bbox 2311 1028 2418 1073; x_wconf 87' lang='lat' dir='ltr'>illos</span> 
     </span>
     <span class='ocr_line' id='line_1_17' title="bbox 198 1090 2419 1147; baseline 0.002 -17"><span class='ocrx_word' id='word_1_152' title='bbox 198 1092 369 1141; x_wconf 83' lang='lat' dir='ltr'>quidem</span> <span class='ocrx_word' id='word_1_153' title='bbox 398 1105 542 1131; x_wconf 89' lang='lat' dir='ltr'>mores</span> <span class='ocrx_word' id='word_1_154' title='bbox 573 1105 599 1130; x_wconf 88' lang='lat' dir='ltr'>a</span> <span class='ocrx_word' id='word_1_155' title='bbox 640 1099 771 1144; x_wconf 88' lang='lat' dir='ltr'>poeta</span> <span class='ocrx_word' id='word_1_156' title='bbox 805 1091 1092 1141; x_wconf 83' lang='lat' dir='ltr'>reprehensos</span> <span class='ocrx_word' id='word_1_157' title='bbox 1134 1091 1405 1131; x_wconf 80' lang='lat' dir='ltr'>emendasse.</span> <span class='ocrx_word' id='word_1_158' title='bbox 1464 1090 1560 1138; x_wconf 77' lang='lat' dir='ltr'>Quo</span> <span class='ocrx_word' id='word_1_159' title='bbox 1597 1091 1712 1130; x_wconf 88' lang='lat' dir='ltr'>facto</span> <span class='ocrx_word' id='word_1_160' title='bbox 1748 1105 1833 1130; x_wconf 90' lang='lat' dir='ltr'>non</span> <span class='ocrx_word' id='word_1_161' title='bbox 1872 1094 2030 1132; x_wconf 86' lang='lat' dir='ltr'>mirum</span> <span class='ocrx_word' id='word_1_162' title='bbox 2063 1092 2146 1133; x_wconf 82' lang='lat' dir='ltr'>tibi</span> <span class='ocrx_word' id='word_1_163' title='bbox 2181 1094 2419 1147; x_wconf 86' lang='lat' dir='ltr'>videbitur,</span> 
     </span>
     <span class='ocr_line' id='line_1_18' title="bbox 197 1154 2421 1214; baseline 0.002 -18"><span class='ocrx_word' id='word_1_164' title='bbox 197 1156 307 1207; x_wconf 84' lang='lat' dir='ltr'>quod</span> <span class='ocrx_word' id='word_1_165' title='bbox 329 1156 443 1210; x_wconf 90' lang='lat' dir='ltr'>apud</span> <span class='ocrx_word' id='word_1_166' title='bbox 467 1155 697 1196; x_wconf 88' lang='lat' dir='ltr'>Horatium</span> <span class='ocrx_word' id='word_1_167' title='bbox 728 1168 812 1195; x_wconf 92' lang='lat' dir='ltr'>non</span> <span class='ocrx_word' id='word_1_168' title='bbox 843 1154 1030 1206; x_wconf 86' lang='lat' dir='ltr'>amplius</span> <span class='ocrx_word' id='word_1_169' title='bbox 1060 1156 1122 1195; x_wconf 89' lang='lat' dir='ltr'>ita</span> <span class='ocrx_word' id='word_1_170' title='bbox 1152 1169 1312 1195; x_wconf 87' lang='lat' dir='ltr'>avarus</span> <span class='ocrx_word' id='word_1_171' title='bbox 1340 1162 1434 1206; x_wconf 90' lang='lat' dir='ltr'>est,</span> <span class='ocrx_word' id='word_1_172' title='bbox 1464 1163 1511 1195; x_wconf 88' lang='lat' dir='ltr'>ut</span> <span class='ocrx_word' id='word_1_173' title='bbox 1541 1160 1716 1208; x_wconf 84' lang='lat' dir='ltr'>propter</span> <span class='ocrx_word' id='word_1_174' title='bbox 1744 1157 1926 1196; x_wconf 89' lang='lat' dir='ltr'>nimium</span> <span class='ocrx_word' id='word_1_175' title='bbox 1956 1170 2048 1197; x_wconf 90' lang='lat' dir='ltr'>rem</span> <span class='ocrx_word' id='word_1_176' title='bbox 2079 1171 2203 1198; x_wconf 87' lang='lat' dir='ltr'>suam</span> <span class='ocrx_word' id='word_1_177' title='bbox 2228 1160 2421 1214; x_wconf 89' lang='lat' dir='ltr'>augendi</span> 
     </span>
     <span class='ocr_line' id='line_1_19' title="bbox 197 1218 2420 1278; baseline 0.002 -16"><span class='ocrx_word' id='word_1_178' title='bbox 197 1221 391 1262; x_wconf 89' lang='lat' dir='ltr'>studium</span> <span class='ocrx_word' id='word_1_179' title='bbox 437 1234 486 1262; x_wconf 90' lang='lat' dir='ltr'>se</span> <span class='ocrx_word' id='word_1_180' title='bbox 530 1228 723 1275; x_wconf 90' lang='lat' dir='ltr'>exponat</span> <span class='ocrx_word' id='word_1_181' title='bbox 762 1222 971 1261; x_wconf 89' lang='lat' dir='ltr'>maximis</span> <span class='ocrx_word' id='word_1_182' title='bbox 1017 1218 1129 1261; x_wconf 89' lang='lat' dir='ltr'>belli</span> <span class='ocrx_word' id='word_1_183' title='bbox 1170 1221 1389 1272; x_wconf 84' lang='lat' dir='ltr'>marisque</span> <span class='ocrx_word' id='word_1_184' title='bbox 1432 1218 1672 1274; x_wconf 85' lang='lat' dir='ltr'>periculis,</span> <span class='ocrx_word' id='word_1_185' title='bbox 1717 1220 1794 1260; x_wconf 86' lang='lat' dir='ltr'>sed</span> <span class='ocrx_word' id='word_1_186' title='bbox 1840 1219 1951 1262; x_wconf 89' lang='lat' dir='ltr'>hunc</span> <span class='ocrx_word' id='word_1_187' title='bbox 1993 1222 2167 1263; x_wconf 90' lang='lat' dir='ltr'>modum</span> <span class='ocrx_word' id='word_1_188' title='bbox 2207 1224 2420 1278; x_wconf 88' lang='lat' dir='ltr'>imposuit</span> 
     </span>
     <span class='ocr_line' id='line_1_20' title="bbox 196 1284 2416 1339; baseline 0.002 -13"><span class='ocrx_word' id='word_1_189' title='bbox 196 1289 432 1337; x_wconf 85' lang='lat' dir='ltr'>avaritiae,</span> <span class='ocrx_word' id='word_1_190' title='bbox 475 1291 524 1326; x_wconf 89' lang='lat' dir='ltr'>ut</span> <span class='ocrx_word' id='word_1_191' title='bbox 552 1288 643 1339; x_wconf 88' lang='lat' dir='ltr'>jam</span> <span class='ocrx_word' id='word_1_192' title='bbox 681 1300 730 1327; x_wconf 90' lang='lat' dir='ltr'>se</span> <span class='ocrx_word' id='word_1_193' title='bbox 766 1288 986 1326; x_wconf 87' lang='lat' dir='ltr'>contineat</span> <span class='ocrx_word' id='word_1_194' title='bbox 1027 1287 1142 1326; x_wconf 90' lang='lat' dir='ltr'>intra</span> <span class='ocrx_word' id='word_1_195' title='bbox 1183 1294 1325 1327; x_wconf 90' lang='lat' dir='ltr'>certos</span> <span class='ocrx_word' id='word_1_196' title='bbox 1369 1285 1504 1336; x_wconf 88' lang='lat' dir='ltr'>fines,</span> <span class='ocrx_word' id='word_1_197' title='bbox 1558 1293 1602 1325; x_wconf 89' lang='lat' dir='ltr'>et</span> <span class='ocrx_word' id='word_1_198' title='bbox 1644 1284 1769 1325; x_wconf 91' lang='lat' dir='ltr'>lucro</span> <span class='ocrx_word' id='word_1_199' title='bbox 1799 1299 1858 1325; x_wconf 87' lang='lat' dir='ltr'>ex</span> <span class='ocrx_word' id='word_1_200' title='bbox 1903 1286 2174 1339; x_wconf 82' lang='lat' dir='ltr'>agricultura</span> <span class='ocrx_word' id='word_1_201' title='bbox 2215 1288 2416 1331; x_wconf 85' lang='lat' dir='ltr'>faciendo</span> 
     </span>
     <span class='ocr_line' id='line_1_21' title="bbox 196 1349 2420 1407; baseline 0.001 -14"><span class='ocrx_word' id='word_1_202' title='bbox 196 1359 425 1393; x_wconf 88' lang='lat' dir='ltr'>contentus</span> <span class='ocrx_word' id='word_1_203' title='bbox 456 1352 530 1392; x_wconf 84' lang='lat' dir='ltr'>sit.</span> <span class='ocrx_word' id='word_1_204' title='bbox 587 1350 682 1393; x_wconf 82' lang='lat' dir='ltr'>Nec</span> <span class='ocrx_word' id='word_1_205' title='bbox 707 1352 865 1392; x_wconf 90' lang='lat' dir='ltr'>mirum</span> <span class='ocrx_word' id='word_1_206' title='bbox 895 1358 988 1403; x_wconf 87' lang='lat' dir='ltr'>est,</span> <span class='ocrx_word' id='word_1_207' title='bbox 1019 1351 1159 1407; x_wconf 90' lang='lat' dir='ltr'>quod,</span> <span class='ocrx_word' id='word_1_208' title='bbox 1190 1364 1315 1407; x_wconf 84' lang='lat' dir='ltr'>quern</span> <span class='ocrx_word' id='word_1_209' title='bbox 1338 1350 1596 1406; x_wconf 83' lang='lat' dir='ltr'>Propertius</span> <span class='ocrx_word' id='word_1_210' title='bbox 1625 1349 1750 1390; x_wconf 91' lang='lat' dir='ltr'>docet</span> <span class='ocrx_word' id='word_1_211' title='bbox 1779 1358 1929 1401; x_wconf 89' lang='lat' dir='ltr'>terque</span> <span class='ocrx_word' id='word_1_212' title='bbox 1956 1358 2193 1407; x_wconf 85' lang='lat' dir='ltr'>quaterque</span> <span class='ocrx_word' id='word_1_213' title='bbox 2223 1353 2268 1393; x_wconf 88' lang='lat' dir='ltr'>in</span> <span class='ocrx_word' id='word_1_214' title='bbox 2300 1362 2420 1395; x_wconf 89' lang='lat' dir='ltr'>casta</span> 
     </span>
     <span class='ocr_line' id='line_1_22' title="bbox 195 1416 2418 1469; baseline 0.001 -11"><span class='ocrx_word' id='word_1_215' title='bbox 195 1417 327 1458; x_wconf 81' lang='lat' dir='ltr'>Galla</span> <span class='ocrx_word' id='word_1_216' title='bbox 358 1417 531 1458; x_wconf 88' lang='lat' dir='ltr'>felicem</span> <span class='ocrx_word' id='word_1_217' title='bbox 573 1417 714 1458; x_wconf 83' lang='lat' dir='ltr'>fuisse</span> <span class='ocrx_word' id='word_1_218' title='bbox 754 1426 853 1457; x_wconf 90' lang='lat' dir='ltr'>ante</span> <span class='ocrx_word' id='word_1_219' title='bbox 897 1419 1165 1465; x_wconf 82' lang='lat' dir='ltr'>discessum,</span> <span class='ocrx_word' id='word_1_220' title='bbox 1195 1419 1237 1456; x_wconf 89' lang='lat' dir='ltr'>ei</span> <span class='ocrx_word' id='word_1_221' title='bbox 1267 1417 1413 1456; x_wconf 89' lang='lat' dir='ltr'>reduci</span> <span class='ocrx_word' id='word_1_222' title='bbox 1445 1417 1561 1456; x_wconf 88' lang='lat' dir='ltr'>facto</span> <span class='ocrx_word' id='word_1_223' title='bbox 1591 1430 1708 1457; x_wconf 89' lang='lat' dir='ltr'>uxor</span> <span class='ocrx_word' id='word_1_224' title='bbox 1736 1418 1799 1456; x_wconf 87' lang='lat' dir='ltr'>ita</span> <span class='ocrx_word' id='word_1_225' title='bbox 1829 1416 1999 1469; x_wconf 88' lang='lat' dir='ltr'>placet,</span> <span class='ocrx_word' id='word_1_226' title='bbox 2032 1425 2100 1467; x_wconf 92' lang='lat' dir='ltr'>ut,</span> <span class='ocrx_word' id='word_1_227' title='bbox 2139 1419 2179 1458; x_wconf 88' lang='lat' dir='ltr'>si</span> <span class='ocrx_word' id='word_1_228' title='bbox 2209 1432 2306 1459; x_wconf 90' lang='lat' dir='ltr'>eam</span> <span class='ocrx_word' id='word_1_229' title='bbox 2336 1419 2418 1460; x_wconf 91' lang='lat' dir='ltr'>ali-</span> 
     </span>
     <span class='ocr_line' id='line_1_23' title="bbox 197 1479 1959 1537; baseline -0.002 -12"><span class='ocrx_word' id='word_1_230' title='bbox 197 1483 366 1537; x_wconf 90' lang='lat' dir='ltr'>quando</span> <span class='ocrx_word' id='word_1_231' title='bbox 396 1482 726 1535; x_wconf 89' lang='lat' dir='ltr'>relinquendam</span> <span class='ocrx_word' id='word_1_232' title='bbox 757 1483 851 1524; x_wconf 89' lang='lat' dir='ltr'>fore</span> <span class='ocrx_word' id='word_1_233' title='bbox 882 1483 1126 1534; x_wconf 85' lang='lat' dir='ltr'>audiverit,</span> <span class='ocrx_word' id='word_1_234' title='bbox 1170 1481 1214 1523; x_wconf 89' lang='lat' dir='ltr'>id</span> <span class='ocrx_word' id='word_1_235' title='bbox 1247 1496 1379 1537; x_wconf 87' lang='lat' dir='ltr'>aegre</span> <span class='ocrx_word' id='word_1_236' title='bbox 1409 1479 1579 1523; x_wconf 87' lang='lat' dir='ltr'>laturus</span> <span class='ocrx_word' id='word_1_237' title='bbox 1612 1496 1714 1523; x_wconf 90' lang='lat' dir='ltr'>esse</span> <span class='ocrx_word' id='word_1_238' title='bbox 1743 1481 1959 1523; x_wconf 89' lang='lat' dir='ltr'>videatur.</span> 
     </span>
    </p>

    <p class='ocr_par' dir='ltr' id='par_1_6' title="bbox 193 1547 2419 1734">
     <span class='ocr_line' id='line_1_24' title="bbox 307 1547 2419 1603; baseline 0 -12"><span class='ocrx_word' id='word_1_239' title='bbox 307 1550 393 1591; x_wconf 86' lang='lat' dir='ltr'>Sed</span> <span class='ocrx_word' id='word_1_240' title='bbox 426 1563 534 1601; x_wconf 87' lang='lat' dir='ltr'>quae</span> <span class='ocrx_word' id='word_1_241' title='bbox 565 1563 665 1590; x_wconf 91' lang='lat' dir='ltr'>esse</span> <span class='ocrx_word' id='word_1_242' title='bbox 696 1548 812 1590; x_wconf 89' lang='lat' dir='ltr'>solet</span> <span class='ocrx_word' id='word_1_243' title='bbox 842 1547 1063 1588; x_wconf 88' lang='lat' dir='ltr'>hominnm</span> <span class='ocrx_word' id='word_1_244' title='bbox 1093 1560 1401 1603; x_wconf 90' lang='lat' dir='ltr'>perversorum</span> <span class='ocrx_word' id='word_1_245' title='bbox 1430 1556 1611 1598; x_wconf 90' lang='lat' dir='ltr'>natura,</span> <span class='ocrx_word' id='word_1_246' title='bbox 1643 1555 1716 1598; x_wconf 90' lang='lat' dir='ltr'>ut,</span> <span class='ocrx_word' id='word_1_247' title='bbox 1746 1547 1849 1587; x_wconf 92' lang='lat' dir='ltr'>dum</span> <span class='ocrx_word' id='word_1_248' title='bbox 1877 1559 2013 1597; x_wconf 89' lang='lat' dir='ltr'>pauca</span> <span class='ocrx_word' id='word_1_249' title='bbox 2041 1559 2091 1588; x_wconf 88' lang='lat' dir='ltr'>ac</span> <span class='ocrx_word' id='word_1_250' title='bbox 2116 1548 2286 1589; x_wconf 90' lang='lat' dir='ltr'>minora</span> <span class='ocrx_word' id='word_1_251' title='bbox 2307 1551 2419 1592; x_wconf 85' lang='lat' dir='ltr'>vitia</span> 
     </span>
     <span class='ocr_line' id='line_1_25' title="bbox 196 1611 2417 1668; baseline 0 -11"><span class='ocrx_word' id='word_1_252' title='bbox 196 1617 425 1657; x_wconf 83' lang='lat' dir='ltr'>emendare</span> <span class='ocrx_word' id='word_1_253' title='bbox 454 1615 655 1666; x_wconf 84' lang='lat' dir='ltr'>student,</span> <span class='ocrx_word' id='word_1_254' title='bbox 685 1614 878 1655; x_wconf 84' lang='lat' dir='ltr'>incidant</span> <span class='ocrx_word' id='word_1_255' title='bbox 908 1615 952 1654; x_wconf 94' lang='lat' dir='ltr'>in</span> <span class='ocrx_word' id='word_1_256' title='bbox 982 1612 1108 1664; x_wconf 86' lang='lat' dir='ltr'>plura</span> <span class='ocrx_word' id='word_1_257' title='bbox 1137 1627 1186 1655; x_wconf 87' lang='lat' dir='ltr'>ac</span> <span class='ocrx_word' id='word_1_258' title='bbox 1215 1614 1405 1667; x_wconf 82' lang='lat' dir='ltr'>majora,</span> <span class='ocrx_word' id='word_1_259' title='bbox 1435 1613 1550 1654; x_wconf 88' lang='lat' dir='ltr'>idem</span> <span class='ocrx_word' id='word_1_260' title='bbox 1574 1614 1735 1654; x_wconf 85' lang='lat' dir='ltr'>accidit</span> <span class='ocrx_word' id='word_1_261' title='bbox 1763 1611 1996 1663; x_wconf 90' lang='lat' dir='ltr'>Postumo,</span> <span class='ocrx_word' id='word_1_262' title='bbox 2027 1613 2151 1666; x_wconf 86' lang='lat' dir='ltr'>cujus</span> <span class='ocrx_word' id='word_1_263' title='bbox 2176 1627 2288 1668; x_wconf 88' lang='lat' dir='ltr'>quae</span> <span class='ocrx_word' id='word_1_264' title='bbox 2304 1628 2417 1657; x_wconf 86' lang='lat' dir='ltr'>nova</span> 
     </span>
     <span class='ocr_line' id='line_1_26' title="bbox 193 1678 1528 1734; baseline -0.004 -11"><span class='ocrx_word' id='word_1_265' title='bbox 193 1684 304 1723; x_wconf 78' lang='lat' dir='ltr'>vitia</span> <span class='ocrx_word' id='word_1_266' title='bbox 333 1680 387 1722; x_wconf 89' lang='lat' dir='ltr'>ab</span> <span class='ocrx_word' id='word_1_267' title='bbox 419 1680 605 1722; x_wconf 90' lang='lat' dir='ltr'>Horatio</span> <span class='ocrx_word' id='word_1_268' title='bbox 636 1679 891 1734; x_wconf 87' lang='lat' dir='ltr'>castiganda</span> <span class='ocrx_word' id='word_1_269' title='bbox 928 1679 1118 1729; x_wconf 87' lang='lat' dir='ltr'>fuerint,</span> <span class='ocrx_word' id='word_1_270' title='bbox 1157 1692 1286 1730; x_wconf 84' lang='lat' dir='ltr'>supra</span> <span class='ocrx_word' id='word_1_271' title='bbox 1322 1678 1528 1718; x_wconf 85' lang='lat' dir='ltr'>vidimus.</span> 
     </span>
    </p>

    <p class='ocr_par' dir='ltr' id='par_1_7' title="bbox 189 1733 2414 2118">
     <span class='ocr_line' id='line_1_27' title="bbox 303 1733 2412 1800; baseline 0 -13"><span class='ocrx_word' id='word_1_272' title='bbox 303 1733 399 1787; x_wconf 67' lang='lat' dir='ltr'>jam</span> <span class='ocrx_word' id='word_1_273' title='bbox 431 1749 568 1800; x_wconf 88' lang='lat' dir='ltr'>igitur</span> <span class='ocrx_word' id='word_1_274' title='bbox 596 1760 644 1786; x_wconf 89' lang='lat' dir='ltr'>re</span> <span class='ocrx_word' id='word_1_275' title='bbox 675 1745 886 1786; x_wconf 88' lang='lat' dir='ltr'>subtilius</span> <span class='ocrx_word' id='word_1_276' title='bbox 916 1759 966 1784; x_wconf 93' lang='lat' dir='ltr'>ac</span> <span class='ocrx_word' id='word_1_277' title='bbox 996 1746 1137 1798; x_wconf 83' lang='lat' dir='ltr'>magis</span> <span class='ocrx_word' id='word_1_278' title='bbox 1169 1743 1397 1785; x_wconf 85' lang='lat' dir='ltr'>enucleate</span> <span class='ocrx_word' id='word_1_279' title='bbox 1427 1742 1635 1796; x_wconf 84' lang='lat' dir='ltr'>exposita</span> <span class='ocrx_word' id='word_1_280' title='bbox 1663 1744 1796 1783; x_wconf 87' lang='lat' dir='ltr'>etiam</span> <span class='ocrx_word' id='word_1_281' title='bbox 1828 1742 2080 1784; x_wconf 87' lang='lat' dir='ltr'>distinctius</span> <span class='ocrx_word' id='word_1_282' title='bbox 2111 1743 2200 1784; x_wconf 91' lang='lat' dir='ltr'>dici</span> <span class='ocrx_word' id='word_1_283' title='bbox 2232 1747 2412 1798; x_wconf 87' lang='lat' dir='ltr'>poterit,</span> 
     </span>
     <span class='ocr_line' id='line_1_28' title="bbox 191 1806 2414 1862; baseline -0.001 -8"><span class='ocrx_word' id='word_1_284' title='bbox 191 1813 482 1855; x_wconf 88' lang='lat' dir='ltr'>Horatianum</span> <span class='ocrx_word' id='word_1_285' title='bbox 503 1809 756 1851; x_wconf 89' lang='lat' dir='ltr'>Postumum</span> <span class='ocrx_word' id='word_1_286' title='bbox 787 1823 872 1850; x_wconf 90' lang='lat' dir='ltr'>non</span> <span class='ocrx_word' id='word_1_287' title='bbox 904 1809 1088 1850; x_wconf 90' lang='lat' dir='ltr'>eundem</span> <span class='ocrx_word' id='word_1_288' title='bbox 1117 1809 1289 1860; x_wconf 87' lang='lat' dir='ltr'>quidem</span> <span class='ocrx_word' id='word_1_289' title='bbox 1322 1822 1422 1849; x_wconf 86' lang='lat' dir='ltr'>esse</span> <span class='ocrx_word' id='word_1_290' title='bbox 1450 1821 1500 1847; x_wconf 89' lang='lat' dir='ltr'>ac</span> <span class='ocrx_word' id='word_1_291' title='bbox 1516 1806 1875 1861; x_wconf 87' lang='lat' dir='ltr'>Propertianum‚</span> <span class='ocrx_word' id='word_1_292' title='bbox 1906 1814 2118 1858; x_wconf 87' lang='lat' dir='ltr'>quatenus</span> <span class='ocrx_word' id='word_1_293' title='bbox 2148 1806 2414 1862; x_wconf 90' lang='lat' dir='ltr'>quibusdam</span> 
     </span>
     <span class='ocr_line' id='line_1_29' title="bbox 191 1871 2411 1931; baseline -0.002 -11"><span class='ocrx_word' id='word_1_294' title='bbox 191 1881 237 1921; x_wconf 90' lang='lat' dir='ltr'>in</span> <span class='ocrx_word' id='word_1_295' title='bbox 267 1877 399 1919; x_wconf 91' lang='lat' dir='ltr'>rebus</span> <span class='ocrx_word' id='word_1_296' title='bbox 423 1878 516 1931; x_wconf 84' lang='lat' dir='ltr'>jam</span> <span class='ocrx_word' id='word_1_297' title='bbox 545 1874 661 1916; x_wconf 88' lang='lat' dir='ltr'>alius</span> <span class='ocrx_word' id='word_1_298' title='bbox 684 1881 752 1916; x_wconf 87' lang='lat' dir='ltr'>est</span> <span class='ocrx_word' id='word_1_299' title='bbox 780 1874 977 1916; x_wconf 87' lang='lat' dir='ltr'>redditus</span> <span class='ocrx_word' id='word_1_300' title='bbox 1008 1873 1194 1928; x_wconf 89' lang='lat' dir='ltr'>ideoque</span> <span class='ocrx_word' id='word_1_301' title='bbox 1223 1885 1309 1914; x_wconf 92' lang='lat' dir='ltr'>non</span> <span class='ocrx_word' id='word_1_302' title='bbox 1338 1871 1528 1926; x_wconf 88' lang='lat' dir='ltr'>amplius</span> <span class='ocrx_word' id='word_1_303' title='bbox 1558 1871 1688 1926; x_wconf 85' lang='lat' dir='ltr'>plane</span> <span class='ocrx_word' id='word_1_304' title='bbox 1718 1871 1835 1912; x_wconf 87' lang='lat' dir='ltr'>idem</span> <span class='ocrx_word' id='word_1_305' title='bbox 1865 1879 1955 1923; x_wconf 90' lang='lat' dir='ltr'>est,</span> <span class='ocrx_word' id='word_1_306' title='bbox 1985 1871 2131 1927; x_wconf 87' lang='lat' dir='ltr'>qualis</span> <span class='ocrx_word' id='word_1_307' title='bbox 2162 1873 2277 1928; x_wconf 89' lang='lat' dir='ltr'>apud</span> <span class='ocrx_word' id='word_1_308' title='bbox 2303 1873 2411 1916; x_wconf 90' lang='lat' dir='ltr'>Pro·</span> 
     </span>
     <span class='ocr_line' id='line_1_30' title="bbox 189 1935 2411 1997; baseline -0.002 -13"><span class='ocrx_word' id='word_1_309' title='bbox 189 1945 376 1997; x_wconf 83' lang='lat' dir='ltr'>pertium</span> <span class='ocrx_word' id='word_1_310' title='bbox 406 1942 510 1988; x_wconf 78' lang='lat' dir='ltr'>fuit3</span> <span class='ocrx_word' id='word_1_311' title='bbox 547 1940 627 1981; x_wconf 85' lang='lat' dir='ltr'>sed</span> <span class='ocrx_word' id='word_1_312' title='bbox 662 1942 829 1990; x_wconf 87' lang='lat' dir='ltr'>tamen,</span> <span class='ocrx_word' id='word_1_313' title='bbox 865 1938 970 1979; x_wconf 90' lang='lat' dir='ltr'>licet</span> <span class='ocrx_word' id='word_1_314' title='bbox 1008 1944 1200 1978; x_wconf 86' lang='lat' dir='ltr'>mutatus</span> <span class='ocrx_word' id='word_1_315' title='bbox 1238 1939 1298 1978; x_wconf 89' lang='lat' dir='ltr'>sit</span> <span class='ocrx_word' id='word_1_316' title='bbox 1334 1937 1450 1989; x_wconf 88' lang='lat' dir='ltr'>quod</span> <span class='ocrx_word' id='word_1_317' title='bbox 1488 1938 1644 1976; x_wconf 86' lang='lat' dir='ltr'>attinet</span> <span class='ocrx_word' id='word_1_318' title='bbox 1684 1936 1739 1976; x_wconf 86' lang='lat' dir='ltr'>ad</span> <span class='ocrx_word' id='word_1_319' title='bbox 1776 1935 1923 1977; x_wconf 83' lang='lat' dir='ltr'>alios</span> <span class='ocrx_word' id='word_1_320' title='bbox 1963 1949 2108 1977; x_wconf 90' lang='lat' dir='ltr'>mores</span> <span class='ocrx_word' id='word_1_321' title='bbox 2145 1947 2411 1992; x_wconf 87' lang='lat' dir='ltr'>assumptos,</span> 
     </span>
     <span class='ocr_line' id='line_1_31' title="bbox 189 2001 2413 2057; baseline -0.002 -6"><span class='ocrx_word' id='word_1_322' title='bbox 189 2010 272 2051; x_wconf 93' lang='lat' dir='ltr'>illo</span> <span class='ocrx_word' id='word_1_323' title='bbox 302 2008 486 2050; x_wconf 91' lang='lat' dir='ltr'>eodem</span> <span class='ocrx_word' id='word_1_324' title='bbox 514 2005 713 2047; x_wconf 85' lang='lat' dir='ltr'>Postumi</span> <span class='ocrx_word' id='word_1_325' title='bbox 753 2005 965 2045; x_wconf 86' lang='lat' dir='ltr'>nomine</span> <span class='ocrx_word' id='word_1_326' title='bbox 994 2002 1049 2044; x_wconf 89' lang='lat' dir='ltr'>ab</span> <span class='ocrx_word' id='word_1_327' title='bbox 1079 2012 1262 2054; x_wconf 87' lang='lat' dir='ltr'>utroque</span> <span class='ocrx_word' id='word_1_328' title='bbox 1290 2010 1422 2057; x_wconf 90' lang='lat' dir='ltr'>poeta</span> <span class='ocrx_word' id='word_1_329' title='bbox 1451 2001 1698 2057; x_wconf 79' lang='lat' dir='ltr'>significari</span> <span class='ocrx_word' id='word_1_330' title='bbox 1735 2001 1955 2042; x_wconf 88' lang='lat' dir='ltr'>eandem</span> <span class='ocrx_word' id='word_1_331' title='bbox 1990 2016 2275 2056; x_wconf 85' lang='lat' dir='ltr'>personam</span> <span class='ocrx_word' id='word_1_332' title='bbox 2314 2006 2413 2046; x_wconf 86' lang='lat' dir='ltr'>sive</span> 
     </span>
     <span class='ocr_line' id='line_1_32' title="bbox 192 2071 730 2118; baseline -0.011 0"><span class='ocrx_word' id='word_1_333' title='bbox 192 2076 413 2118; x_wconf 88' lang='lat' dir='ltr'>eundem</span> <span class='ocrx_word' id='word_1_334' title='bbox 452 2071 730 2114; x_wconf 88' lang='lat' dir='ltr'>hominem.</span> 
     </span>
    </p>

    <p class='ocr_par' dir='ltr' id='par_1_8' title="bbox 185 2131 2414 2784">
     <span class='ocr_line' id='line_1_33' title="bbox 301 2131 2413 2196; baseline -0.001 -14"><span class='ocrx_word' id='word_1_335' title='bbox 301 2141 446 2196; x_wconf 86' lang='lat' dir='ltr'>Atque</span> <span class='ocrx_word' id='word_1_336' title='bbox 476 2138 557 2180; x_wconf 89' lang='lat' dir='ltr'>hoc</span> <span class='ocrx_word' id='word_1_337' title='bbox 585 2151 690 2180; x_wconf 84' lang='lat' dir='ltr'>mox</span> <span class='ocrx_word' id='word_1_338' title='bbox 720 2138 866 2192; x_wconf 89' lang='lat' dir='ltr'>magis</span> <span class='ocrx_word' id='word_1_339' title='bbox 893 2134 1120 2188; x_wconf 86' lang='lat' dir='ltr'>probatum</span> <span class='ocrx_word' id='word_1_340' title='bbox 1147 2132 1396 2176; x_wconf 83' lang='lat' dir='ltr'>videbimus</span> <span class='ocrx_word' id='word_1_341' title='bbox 1427 2132 1508 2176; x_wconf 88' lang='lat' dir='ltr'>hac</span> <span class='ocrx_word' id='word_1_342' title='bbox 1537 2147 1609 2185; x_wconf 87' lang='lat' dir='ltr'>re,</span> <span class='ocrx_word' id='word_1_343' title='bbox 1639 2132 1776 2185; x_wconf 83' lang='lat' dir='ltr'>quod,</span> <span class='ocrx_word' id='word_1_344' title='bbox 1804 2131 1910 2174; x_wconf 89' lang='lat' dir='ltr'>licet</span> <span class='ocrx_word' id='word_1_345' title='bbox 1938 2133 1983 2174; x_wconf 90' lang='lat' dir='ltr'>in</span> <span class='ocrx_word' id='word_1_346' title='bbox 2015 2141 2198 2190; x_wconf 88' lang='lat' dir='ltr'>utroque</span> <span class='ocrx_word' id='word_1_347' title='bbox 2219 2137 2413 2179; x_wconf 86' lang='lat' dir='ltr'>carmine</span> 
     </span>
     <span class='ocr_line' id='line_1_34' title="bbox 189 2200 2413 2256; baseline -0.003 -6"><span class='ocrx_word' id='word_1_348' title='bbox 189 2210 244 2251; x_wconf 82' lang='lat' dir='ltr'>de</span> <span class='ocrx_word' id='word_1_349' title='bbox 273 2206 376 2249; x_wconf 87' lang='lat' dir='ltr'>aliis</span> <span class='ocrx_word' id='word_1_350' title='bbox 406 2204 540 2247; x_wconf 83' lang='lat' dir='ltr'>rebus</span> <span class='ocrx_word' id='word_1_351' title='bbox 568 2218 618 2246; x_wconf 90' lang='lat' dir='ltr'>ac</span> <span class='ocrx_word' id='word_1_352' title='bbox 646 2202 841 2244; x_wconf 89' lang='lat' dir='ltr'>moribus</span> <span class='ocrx_word' id='word_1_353' title='bbox 872 2202 1071 2256; x_wconf 86' lang='lat' dir='ltr'>ejusdem</span> <span class='ocrx_word' id='word_1_354' title='bbox 1101 2200 1290 2242; x_wconf 88' lang='lat' dir='ltr'>hominis</span> <span class='ocrx_word' id='word_1_355' title='bbox 1321 2207 1501 2255; x_wconf 89' lang='lat' dir='ltr'>agatur,</span> <span class='ocrx_word' id='word_1_356' title='bbox 1544 2207 1685 2240; x_wconf 88' lang='lat' dir='ltr'>tamen</span> <span class='ocrx_word' id='word_1_357' title='bbox 1715 2206 1898 2253; x_wconf 89' lang='lat' dir='ltr'>uterque</span> <span class='ocrx_word' id='word_1_358' title='bbox 1925 2207 2051 2250; x_wconf 86' lang='lat' dir='ltr'>poeta</span> <span class='ocrx_word' id='word_1_359' title='bbox 2080 2213 2207 2241; x_wconf 87' lang='lat' dir='ltr'>suum</span> <span class='ocrx_word' id='word_1_360' title='bbox 2237 2202 2413 2244; x_wconf 85' lang='lat' dir='ltr'>carmen</span> 
     </span>
     <span class='ocr_line' id='line_1_35' title="bbox 192 2264 2414 2323; baseline -0.003 -7"><span class='ocrx_word' id='word_1_361' title='bbox 192 2275 379 2317; x_wconf 87' lang='lat' dir='ltr'>eodem</span> <span class='ocrx_word' id='word_1_362' title='bbox 409 2269 653 2312; x_wconf 84' lang='lat' dir='ltr'>consilio</span> <span class='ocrx_word' id='word_1_363' title='bbox 683 2270 952 2323; x_wconf 86' lang='lat' dir='ltr'>composuit,</span> <span class='ocrx_word' id='word_1_364' title='bbox 983 2269 1110 2319; x_wconf 89' lang='lat' dir='ltr'>eique</span> <span class='ocrx_word' id='word_1_365' title='bbox 1141 2265 1331 2307; x_wconf 79' lang='lat' dir='ltr'>similem</span> <span class='ocrx_word' id='word_1_366' title='bbox 1362 2268 1648 2305; x_wconf 83' lang='lat' dir='ltr'>externam</span> <span class='ocrx_word' id='word_1_367' title='bbox 1679 2268 1722 2304; x_wconf 87' lang='lat' dir='ltr'>et</span> <span class='ocrx_word' id='word_1_368' title='bbox 1750 2265 2010 2304; x_wconf 83' lang='lat' dir='ltr'>internam</span> <span class='ocrx_word' id='word_1_369' title='bbox 2040 2264 2262 2307; x_wconf 84' lang='lat' dir='ltr'>formam</span> <span class='ocrx_word' id='word_1_370' title='bbox 2290 2281 2414 2319; x_wconf 84' lang='lat' dir='ltr'>poe-</span> 
     </span>
     <span class='ocr_line' id='line_1_36' title="bbox 190 2328 2409 2389; baseline -0.004 -8"><span class='ocrx_word' id='word_1_371' title='bbox 190 2343 350 2383; x_wconf 88' lang='lat' dir='ltr'>ticam</span> <span class='ocrx_word' id='word_1_372' title='bbox 379 2336 535 2378; x_wconf 86' lang='lat' dir='ltr'>induit.</span> <span class='ocrx_word' id='word_1_373' title='bbox 586 2334 684 2376; x_wconf 82' lang='lat' dir='ltr'>Jam</span> <span class='ocrx_word' id='word_1_374' title='bbox 715 2335 829 2376; x_wconf 90' lang='lat' dir='ltr'>enim</span> <span class='ocrx_word' id='word_1_375' title='bbox 858 2332 1120 2387; x_wconf 89' lang='lat' dir='ltr'>Propertius</span> <span class='ocrx_word' id='word_1_376' title='bbox 1158 2331 1314 2372; x_wconf 84' lang='lat' dir='ltr'>formis</span> <span class='ocrx_word' id='word_1_377' title='bbox 1351 2328 1585 2389; x_wconf 83' lang='lat' dir='ltr'>Temporis</span> <span class='ocrx_word' id='word_1_378' title='bbox 1623 2328 1815 2370; x_wconf 87' lang='lat' dir='ltr'>Futuri</span> <span class='ocrx_word' id='word_1_379' title='bbox 1844 2337 1930 2370; x_wconf 86' lang='lat' dir='ltr'>tam</span> <span class='ocrx_word' id='word_1_380' title='bbox 1951 2328 2105 2372; x_wconf 90' lang='lat' dir='ltr'>multis</span> <span class='ocrx_word' id='word_1_381' title='bbox 2136 2329 2246 2373; x_wconf 90' lang='lat' dir='ltr'>locis</span> <span class='ocrx_word' id='word_1_382' title='bbox 2277 2333 2337 2383; x_wconf 86' lang='lat' dir='ltr'>(v.</span> <span class='ocrx_word' id='word_1_383' title='bbox 2366 2334 2409 2375; x_wconf 88' lang='grc'>8.</span> 
     </span>
     <span class='ocr_line' id='line_1_37' title="bbox 186 2394 2409 2453; baseline -0.005 -4"><span class='ocrx_word' id='word_1_384' title='bbox 186 2409 230 2450; x_wconf 84' lang='grc'>9.</span> <span class='ocrx_word' id='word_1_385' title='bbox 261 2407 327 2448; x_wconf 80' lang='grc'>17.</span> <span class='ocrx_word' id='word_1_386' title='bbox 358 2403 561 2446; x_wconf 74' lang='grc'><strong>19-23.</strong></span> <span class='ocrx_word' id='word_1_387' title='bbox 590 2402 682 2453; x_wconf 82' lang='lat'>38.)</span> <span class='ocrx_word' id='word_1_388' title='bbox 711 2401 871 2452; x_wconf 90' lang='lat' dir='ltr'>utitur,</span> <span class='ocrx_word' id='word_1_389' title='bbox 901 2407 948 2440; x_wconf 91' lang='lat' dir='ltr'>ut</span> <span class='ocrx_word' id='word_1_390' title='bbox 977 2398 1049 2440; x_wconf 90' lang='lat' dir='ltr'>hic</span> <span class='ocrx_word' id='word_1_391' title='bbox 1078 2411 1247 2452; x_wconf 90' lang='lat' dir='ltr'>quoque</span> <span class='ocrx_word' id='word_1_392' title='bbox 1275 2395 1531 2451; x_wconf 83' lang='lat' dir='ltr'>praevaleat</span> <span class='ocrx_word' id='word_1_393' title='bbox 1559 2396 1913 2436; x_wconf 87' lang='lat' dir='ltr'>vaticinatio.</span> <span class='ocrx_word' id='word_1_394' title='bbox 1973 2394 2080 2436; x_wconf 85' lang='lat' dir='ltr'>ltem</span> <span class='ocrx_word' id='word_1_395' title='bbox 2103 2397 2194 2447; x_wconf 86' lang='lat' dir='ltr'>jam</span> <span class='ocrx_word' id='word_1_396' title='bbox 2223 2395 2409 2450; x_wconf 87' lang='lat' dir='ltr'>Proper·</span> 
     </span>
     <span class='ocr_line' id='line_1_38' title="bbox 187 2458 2412 2525; baseline -0.005 -11"><span class='ocrx_word' id='word_1_397' title='bbox 187 2474 279 2514; x_wconf 86' lang='lat' dir='ltr'>tius</span> <span class='ocrx_word' id='word_1_398' title='bbox 317 2469 507 2525; x_wconf 84' lang='lat' dir='ltr'>elegiam</span> <span class='ocrx_word' id='word_1_399' title='bbox 546 2479 668 2509; x_wconf 87' lang='lat' dir='ltr'>suam</span> <span class='ocrx_word' id='word_1_400' title='bbox 705 2467 855 2520; x_wconf 89' lang='lat' dir='ltr'>potius</span> <span class='ocrx_word' id='word_1_401' title='bbox 892 2473 940 2505; x_wconf 89' lang='lat' dir='ltr'>ut</span> <span class='ocrx_word' id='word_1_402' title='bbox 974 2465 1146 2519; x_wconf 89' lang='lat' dir='ltr'>poetice</span> <span class='ocrx_word' id='word_1_403' title='bbox 1183 2462 1377 2504; x_wconf 83' lang='lat' dir='ltr'>fictam</span> <span class='ocrx_word' id='word_1_404' title='bbox 1413 2460 1695 2517; x_wconf 82' lang='lat' dir='ltr'>divulgasse,</span> <span class='ocrx_word' id='word_1_405' title='bbox 1739 2474 1866 2517; x_wconf 85' lang='lat' dir='ltr'>quam</span> <span class='ocrx_word' id='word_1_406' title='bbox 1903 2460 1957 2502; x_wconf 89' lang='lat' dir='ltr'>ad</span> <span class='ocrx_word' id='word_1_407' title='bbox 1987 2462 2125 2512; x_wconf 85' lang='lat' dir='ltr'>ipsum</span> <span class='ocrx_word' id='word_1_408' title='bbox 2155 2458 2412 2503; x_wconf 88' lang='lat' dir='ltr'>Postumum</span> 
     </span>
     <span class='ocr_line' id='line_1_39' title="bbox 185 2523 2409 2592; baseline -0.004 -14"><span class='ocrx_word' id='word_1_409' title='bbox 185 2547 388 2592; x_wconf 82' lang='lat' dir='ltr'>tanquam</span> <span class='ocrx_word' id='word_1_410' title='bbox 417 2535 637 2574; x_wconf 89' lang='lat' dir='ltr'>amicum</span> <span class='ocrx_word' id='word_1_411' title='bbox 665 2533 890 2572; x_wconf 87' lang='lat' dir='ltr'>misisse</span> <span class='ocrx_word' id='word_1_412' title='bbox 918 2530 1157 2571; x_wconf 91' lang='lat' dir='ltr'>credendus</span> <span class='ocrx_word' id='word_1_413' title='bbox 1189 2536 1271 2569; x_wconf 88' lang='lat' dir='ltr'>est.</span> <span class='ocrx_word' id='word_1_414' title='bbox 1330 2526 1470 2568; x_wconf 89' lang='lat' dir='ltr'>Nemo</span> <span class='ocrx_word' id='word_1_415' title='bbox 1500 2528 1615 2567; x_wconf 90' lang='lat' dir='ltr'>enim</span> <span class='ocrx_word' id='word_1_416' title='bbox 1644 2527 1699 2567; x_wconf 86' lang='lat' dir='ltr'>ad</span> <span class='ocrx_word' id='word_1_417' title='bbox 1736 2528 1918 2566; x_wconf 82' lang='lat' dir='ltr'>amicum</span> <span class='ocrx_word' id='word_1_418' title='bbox 1956 2523 2142 2576; x_wconf 88' lang='lat' dir='ltr'>scribet,</span> <span class='ocrx_word' id='word_1_419' title='bbox 2179 2526 2329 2581; x_wconf 85' lang='lat' dir='ltr'>qualia</span> <span class='ocrx_word' id='word_1_420' title='bbox 2365 2541 2409 2569; x_wconf 83' lang='lat' dir='ltr'>v.</span> 
     </span>
     <span class='ocr_line' id='line_1_40' title="bbox 185 2591 2411 2654; baseline -0.004 -12"><span class='ocrx_word' id='word_1_421' title='bbox 185 2603 334 2648; x_wconf 60' lang='lat'><strong>5-,-6</strong></span> <span class='ocrx_word' id='word_1_422' title='bbox 362 2599 594 2654; x_wconf 83' lang='lat' dir='ltr'>leguntur:</span> <span class='ocrx_word' id='word_1_423' title='bbox 655 2596 744 2649; x_wconf 88' lang='lat' dir='ltr'>„Si</span> <span class='ocrx_word' id='word_1_424' title='bbox 780 2596 848 2637; x_wconf 81' lang='lat' dir='ltr'>fas</span> <span class='ocrx_word' id='word_1_425' title='bbox 880 2604 972 2647; x_wconf 85' lang='lat' dir='ltr'>est,</span> <span class='ocrx_word' id='word_1_426' title='bbox 1008 2608 1158 2636; x_wconf 89' lang='lat' dir='ltr'>omnes</span> <span class='ocrx_word' id='word_1_427' title='bbox 1194 2594 1358 2645; x_wconf 88' lang='lat' dir='ltr'>pariter</span> <span class='ocrx_word' id='word_1_428' title='bbox 1391 2592 1581 2643; x_wconf 83' lang='lat' dir='ltr'>pereatis</span> <span class='ocrx_word' id='word_1_429' title='bbox 1621 2592 1781 2631; x_wconf 88' lang='lat' dir='ltr'>avari“</span> <span class='ocrx_word' id='word_1_430' title='bbox 1821 2594 1865 2629; x_wconf 91' lang='lat' dir='ltr'>et</span> <span class='ocrx_word' id='word_1_431' title='bbox 1899 2603 1941 2629; x_wconf 86' lang='lat' dir='ltr'>v.</span> <span class='ocrx_word' id='word_1_432' title='bbox 1978 2591 2007 2631; x_wconf 76' lang='lat'>’7</span> <span class='ocrx_word' id='word_1_433' title='bbox 2048 2594 2284 2641; x_wconf 83' lang='lat' dir='ltr'>„vesane“</span> <span class='ocrx_word' id='word_1_434' title='bbox 2327 2597 2411 2637; x_wconf 80' lang='lat' dir='ltr'>etc.</span> 
     </span>
     <span class='ocr_line' id='line_1_41' title="bbox 188 2653 2411 2719; baseline -0.004 -11"><span class='ocrx_word' id='word_1_435' title='bbox 188 2666 341 2719; x_wconf 78' lang='lat' dir='ltr'>Neque</span> <span class='ocrx_word' id='word_1_436' title='bbox 370 2662 625 2715; x_wconf 82' lang='lat' dir='ltr'>Propertius</span> <span class='ocrx_word' id='word_1_437' title='bbox 655 2661 750 2703; x_wconf 90' lang='lat' dir='ltr'>ullo</span> <span class='ocrx_word' id='word_1_438' title='bbox 779 2659 876 2702; x_wconf 91' lang='lat' dir='ltr'>loco</span> <span class='ocrx_word' id='word_1_439' title='bbox 905 2674 982 2712; x_wconf 91' lang='lat' dir='ltr'>per</span> <span class='ocrx_word' id='word_1_440' title='bbox 1012 2667 1145 2700; x_wconf 89' lang='lat' dir='ltr'>totam</span> <span class='ocrx_word' id='word_1_441' title='bbox 1175 2657 1365 2714; x_wconf 85' lang='lat' dir='ltr'>elegiam</span> <span class='ocrx_word' id='word_1_442' title='bbox 1396 2656 1646 2696; x_wconf 82' lang='lat' dir='ltr'>Postumum</span> <span class='ocrx_word' id='word_1_443' title='bbox 1677 2653 1897 2695; x_wconf 84' lang='lat' dir='ltr'>allocutus</span> <span class='ocrx_word' id='word_1_444' title='bbox 1928 2662 1999 2695; x_wconf 75' lang='lat' dir='ltr'>est</span> <span class='ocrx_word' id='word_1_445' title='bbox 2028 2655 2188 2695; x_wconf 85' lang='lat' dir='ltr'>amici</span> <span class='ocrx_word' id='word_1_446' title='bbox 2218 2657 2411 2699; x_wconf 84' lang='lat' dir='ltr'>nomine.</span> 
     </span>
     <span class='ocr_line' id='line_1_42' title="bbox 186 2720 2411 2784; baseline -0.005 -10"><span class='ocrx_word' id='word_1_447' title='bbox 186 2731 337 2784; x_wconf 83' lang='lat' dir='ltr'>ltaque</span> <span class='ocrx_word' id='word_1_448' title='bbox 371 2728 556 2771; x_wconf 81' lang='lat' dir='ltr'>videtur</span> <span class='ocrx_word' id='word_1_449' title='bbox 584 2727 774 2769; x_wconf 89' lang='lat' dir='ltr'>alienior</span> <span class='ocrx_word' id='word_1_450' title='bbox 803 2725 856 2766; x_wconf 93' lang='lat' dir='ltr'>ab</span> <span class='ocrx_word' id='word_1_451' title='bbox 887 2739 938 2766; x_wconf 93' lang='lat' dir='ltr'>eo</span> <span class='ocrx_word' id='word_1_452' title='bbox 975 2725 1143 2776; x_wconf 89' lang='lat' dir='ltr'>fuisse,</span> <span class='ocrx_word' id='word_1_453' title='bbox 1183 2737 1310 2781; x_wconf 86' lang='lat' dir='ltr'>quam</span> <span class='ocrx_word' id='word_1_454' title='bbox 1339 2721 1571 2772; x_wconf 87' lang='lat' dir='ltr'>Horatius,</span> <span class='ocrx_word' id='word_1_455' title='bbox 1608 2734 1634 2760; x_wconf 91' lang='lat' dir='ltr'>a</span> <span class='ocrx_word' id='word_1_456' title='bbox 1671 2733 1753 2771; x_wconf 89' lang='lat' dir='ltr'>quo</span> <span class='ocrx_word' id='word_1_457' title='bbox 1784 2727 1903 2760; x_wconf 85' lang='lat' dir='ltr'>certe</span> <span class='ocrx_word' id='word_1_458' title='bbox 1940 2721 2107 2760; x_wconf 86' lang='lat' dir='ltr'>ironico</span> <span class='ocrx_word' id='word_1_459' title='bbox 2138 2733 2274 2762; x_wconf 83' lang='lat' dir='ltr'>sensu</span> <span class='ocrx_word' id='word_1_460' title='bbox 2304 2720 2411 2764; x_wconf 80' lang='lat' dir='ltr'>Pos-</span> 
     </span>
    </p>
   </div>
   <div class='ocr_carea' id='block_1_4' title="bbox 189 2790 1872 2892">
    <p class='ocr_par' dir='ltr' id='par_1_9' title="bbox 189 2790 1872 2892">
     <span class='ocr_line' id='line_1_43' title="bbox 189 2790 1872 2892; baseline -0.008 -52"><span class='ocrx_word' id='word_1_461' title='bbox 189 2807 353 2840; x_wconf 88' lang='lat' dir='ltr'>tumum</span> <span class='ocrx_word' id='word_1_462' title='bbox 382 2795 602 2838; x_wconf 83' lang='lat' dir='ltr'>amicum</span> <span class='ocrx_word' id='word_1_463' title='bbox 632 2791 853 2848; x_wconf 85' lang='lat' dir='ltr'>appellari</span> <span class='ocrx_word' id='word_1_464' title='bbox 882 2790 1088 2833; x_wconf 82' lang='lat' dir='ltr'>vidimus.</span> <span class='ocrx_word' id='word_1_465' title='bbox 1844 2852 1872 2892; x_wconf 64' lang='grc'>4</span> 
     </span>
    </p>
   </div>
  </div>
 </body>
</html>
