2677 3370
167 221 340 269 poetam
370 222 670 263 moneremus,
713 216 763 251 ut
791 209 908 252 dicat
925 237 940 261 ‚
969 205 1182 265 quomodo
1220 219 1303 249 sua
1339 205 1473 249 effata
1515 204 1715 264 intelligi
1743 208 1881 264 velit,
1919 213 2121 265 quoniam
2157 222 2275 257 recte
2312 230 2382 258 re-

170 280 430 338 sponderet,
464 291 514 321 se
541 289 653 332 quae
679 273 829 317 divino
858 273 1045 329 quodam
1072 273 1224 314 afflatu
1252 274 1497 324 conceperit
1524 270 1748 316 elocutum
1777 289 1902 326 esse3
1934 278 2025 333 jam
2049 286 2246 323 nostrum
2279 294 2381 324 esee

170 361 226 391 ς.
262 341 488 400 excipere,
532 347 739 395 qnantum
774 340 1026 396 possimus:
1072 347 1216 381 tamen
1259 338 1341 381 hoc
1381 339 1478 391 ipso
1512 345 1722 391 responso
1761 351 1879 385 recte
1917 343 2149 397 fateretur,
2189 346 2269 402 hac
2300 361 2382 390 nos

171 427 322 457 omnes
361 409 464 467 lege
504 409 667 459 teneri,
714 414 788 460 ut,
830 405 1015 457 simulac
1050 407 1148 462 quis
1189 405 1368 461 iugenio
1413 417 1493 446 suo
1534 403 1771 450 obsecutus
1815 408 1985 467 aliquid
2023 409 2150 452 nobis
2191 410 2264 453 vel
2305 427 2382 455 au-

174 478 398 530 diendum,
434 474 509 518 vel
543 473 899 530 conspiciendum
936 472 1190 524 tradiderit,
1232 485 1318 512 non
1355 471 1448 526 jam
1485 485 1620 526 penes
1660 474 1804 527 ipsum
1841 485 2084 529 auctorem,
2127 477 2208 519 sed
2244 491 2378 533 penes

175 559 254 589 nos
284 546 370 597 sit,
399 551 545 585 utrum
570 540 815 584 subsistere
835 539 1025 582 velimus
1054 539 1098 580 in
1127 540 1264 591 primo
1294 538 1420 594 quasi
1443 537 1566 579 aditu
1585 541 1714 590 atque
1734 543 2012 594 acquiescere
2036 544 2083 585 in
2112 542 2210 585 sola
2231 542 2384 599 volup-

177 619 266 653 tate
304 610 376 663 id,
427 608 544 665 quod
577 605 705 648 nobis
742 606 951 658 traditur,
995 604 1260 660 accipiendi,
1297 617 1351 645 an
1390 604 1447 644 ad
1481 616 1651 645 omnem
1690 606 1788 659 ejus
1829 609 1894 650 rei
1929 613 2124 651 naturam
2166 617 2211 650 et
2249 617 2384 653 artem

176 675 524 734 cognoscendam
552 681 720 727 tantum
747 671 955 727 progredi
984 670 1198 723 velimus,
1228 673 1430 722 quantum
1458 670 1697 724 possimus.
1754 670 1908 729 Neque
1936 676 2074 732 igitur
2102 675 2276 726 desunt,
2310 676 2386 728 qui

177 751 234 787 et>
251 741 509 798 intelligere
536 740 731 781 carmina
757 737 924 791 velint,
954 739 985 780 i.
1018 752 1060 779 e.
1090 735 1361 793 singularum
1391 737 1734 790 sententiarum,
1762 738 1971 783 dictionis
1999 741 2251 794 formarum,
2283 754 2385 783 con-

180 808 385 853 siliorum
413 816 541 859 atque
566 806 764 848 idearum
785 803 873 846 sibi
903 804 1069 846 conscii
1090 803 1193 845 fieri
1211 802 1398 854 cupiant.
1456 800 1585 850 Quod
1610 803 1785 858 quidem
1808 819 1933 848 omne
1968 806 2156 849 studium
2195 809 2386 850 maxime

182 876 409 919 doctorum
437 872 658 915 hominum
687 874 756 914 est
784 879 912 927 atque
942 871 1133 912 omnium
1161 870 1354 912 maxime
1381 869 1428 910 in
1455 869 1692 925 magistros
1721 883 1772 912 ac
1800 881 2103 928 praeceptores
2125 874 2265 926 cadit,
2294 863 2384 927 (lui,

182 942 297 995 quod
322 940 426 983 aliis
468 938 782 995 explicandum
813 937 1112 992 susceperint,
1142 944 1274 989 antea*
1295 949 1322 977 a
1350 948 1399 977 se
1427 935 1538 987 ipsis
1580 935 1741 988 optime
1768 936 2040 982 intellectum
2070 952 2169 982 esse
2214 938 2392 983 volunt.-

184 1008 273 1050 Sed
300 1012 445 1048 tamen
474 1005 522 1046 hi
551 1018 720 1060 quoque
749 1004 860 1044 varii
890 1003 1065 1058 generis
1096 1009 1210 1043 sunt.
1266 1001 1361 1043 Alii
1381 1002 1492 1043 enim
1512 1015 1592 1056 pro
1618 1003 1742 1043 varia
1759 1005 1949 1046 omnium
1978 1006 2110 1046 animi
2131 1007 2382 1063 ingeniique

183 1075 348 1117 virium
373 1070 523 1114 indole
548 1085 598 1112 ac
621 1078 773 1111 natura
796 1077 839 1110 et
858 1082 934 1121 pro
958 1069 1136 1109 diversa
1165 1068 1301 1110 studii
1325 1067 1550 1109 alacritate
1574 1067 1619 1108 id
1640 1081 1778 1124 aeque
1796 1069 1938 1112 facere
1954 1071 2026 1113 vel
2044 1080 2279 1124 nequeunt,
2311 1072 2384 1115 vel

189 1154 327 1194 aeque
355 1137 525 1181 nolunt.
584 1135 737 1180 Variis
767 1136 909 1193 igitur
937 1134 1259 1192 intelligentiae
1304 1150 1353 1178 ac
1391 1135 1529 1177 studii
1565 1136 1691 1188 quasi
1727 1136 1935 1192 gradibus
1970 1139 2204 1191 insistunt,
2241 1140 2301 1181 ita
2337 1148 2384 1181 ut

184 1207 266 1250 alii
294 1209 339 1248 in
366 1202 652 1247 inferioribus
683 1202 893 1260 gradibus
924 1201 1192 1255 subsistant,
1236 1201 1316 1244 alii
1344 1201 1479 1244 altius
1509 1202 1564 1244 ad
1594 1203 1840 1255 superiores
1876 1204 2134 1259 ascendant,
2178 1207 2293 1263 quod
2325 1205 2380 1249 ab

182 1272 254 1315 his
284 1286 453 1329 quoque
481 1270 583 1314 fieri
609 1271 770 1323 poterit
799 1270 1061 1322 pedetentim
1091 1277 1277 1322 tantum,
1314 1271 1378 1311 ita
1405 1277 1453 1310 ut
1482 1283 1610 1311 suum
1638 1283 1831 1323 quaeque
1860 1275 1980 1312 aetas
2010 1286 2059 1314 ac
2087 1274 2156 1314 vis
2186 1271 2381 1329 qnalibet

186 1348 330 1383 aetate
359 1337 540 1382 exculta
575 1336 839 1391 peculiarem
874 1336 1054 1393 gradum
1092 1334 1263 1379 habeat.
1321 1335 1411 1386 Qui
1444 1350 1549 1379 vero
1584 1336 1719 1379 altius
1756 1337 2003 1391 adspirant,
2039 1340 2075 1380 ii
2102 1340 2272 1381 tandem
2306 1355 2383 1394 pro

184 1409 310 1450 varia
337 1399 582 1447 eruditione
611 1417 663 1446 ac
697 1404 918 1455 doctrina,
960 1416 1040 1459 pro
1076 1403 1253 1445 diversa
1287 1401 1421 1445 facile
1450 1402 1696 1457 sentiendi,
1733 1411 1859 1445 acute
1894 1404 2123 1457 cernendi,
2162 1404 2385 1450 subtiliter

180 1472 428 1529 judicandi,
464 1471 679 1512 divinitus
714 1469 959 1525 augurandi
1001 1468 1210 1512 facultate
1260 1478 1425 1511 tantum
1468 1471 1678 1523 spatium,
1731 1471 1777 1511 in
1827 1470 1940 1527 quod
1993 1473 2236 1527 exspatiari
2285 1487 2384 1526 pos-

188 1541 299 1592 sint,
342 1537 430 1580 sibi
458 1537 724 1593 patefactum
751 1537 925 1589 vident,
970 1541 1019 1578 ut
1047 1535 1129 1578 alii
1157 1536 1261 1579 aliis
1291 1535 1423 1579 rebus
1462 1537 1619 1578 intenti
1657 1551 1781 1589 esse,
1820 1546 2012 1578 caeteras
2051 1540 2192 1580 minus
2234 1553 2386 1582 curare

186 1604 371 1648 soleant.
431 1602 579 1653 Quare
607 1617 694 1645 non
723 1611 792 1645 est
837 1603 951 1655 quod
979 1604 1205 1655 miremur,
1247 1605 1287 1645 si
1323 1617 1420 1644 raro
1458 1602 1608 1655 plures
1637 1604 1683 1643 in
1714 1603 1893 1644 eandem
1930 1605 2186 1645 sententiam
2228 1619 2384 1648 conve-

184 1673 305 1725 nire,
344 1671 518 1724 saepius
547 1668 762 1727 plurimos
796 1670 844 1711 in
882 1683 1031 1711 omnes
1069 1668 1180 1712 alias
1219 1678 1362 1722 partes
1392 1670 1617 1712 discedere
1645 1669 2039 1712 animadvertimus.
2098 1668 2218 1720 Quae
2247 1673 2385 1729 igitur

184 1753 246 1781 ex
276 1739 420 1781 causis
450 1739 497 1779 in
526 1739 670 1794 ipsius
699 1750 883 1791 poeseos
913 1736 1061 1778 indole
1092 1750 1139 1779 ac
1157 1745 1311 1779 natura
1330 1745 1458 1790 atque
1480 1738 1525 1778 in
1548 1738 1670 1779 vario
1690 1736 1908 1779 hominum
1939 1736 2382 1795 carminalegentium

187 1803 332 1848 animo
352 1806 614 1861 ingenioque
634 1803 873 1846 latentibus
894 1802 1229 1856 proficiscuntur
1252 1804 1574 1860 discrepantiae
1593 1806 1638 1845 in
1663 1803 1925 1846 carminibus
1956 1802 2226 1856 explicandis
2255 1820 2384 1863 quum

186 1873 269 1916 vix
299 1885 499 1930 umquam
529 1870 629 1913 tolli
656 1884 836 1925 prorsus
864 1884 993 1923 posse
1022 1871 1273 1924 videantur,
1302 1872 1485 1929 aequius
1515 1870 1766 1914 tolerandae
1796 1876 1933 1914 erunt.

302 1940 390 1982 Sed
426 1948 569 1982 tamen
604 1937 728 1981 aliud
763 1938 1047 1981 dissensuum
1085 1952 1134 1981 ac
1170 1938 1563 1995 discrepantiarum
1599 1953 1738 1996 genus
1769 1949 1859 1992 est,
1900 1937 2014 1991 quod
2041 1939 2182 1982 minus
2212 1940 2385 1984 videtur
2423 1961 2429 1969 ·

196 2008 306 2051 ferri
336 2021 485 2063 posse.
542 2006 668 2048 Licet
698 2007 814 2048 enim
843 2005 924 2048 hoc
953 2019 1038 2047 non
1069 2004 1209 2047 solum
1238 2004 1427 2048 libenter
1459 2007 1779 2048 concedendum
1808 2007 1888 2057 sit,
1918 2013 1964 2045 ut
1987 2018 2066 2059 pro
2094 2019 2174 2046 suo
2199 2008 2383 2064 quisque

192 2074 340 2118 studio
375 2072 499 2116 aliud
542 2072 737 2115 conferat
771 2073 825 2114 ad
864 2072 1040 2114 Horatii
1068 2074 1257 2114 carmina
1286 2071 1573 2128 explicanda,
1614 2073 1736 2115 aliud
1763 2072 2103 2126 praetermittat,
2144 2073 2222 2113 sed
2251 2076 2384 2117 etiam

192 2147 325 2200 quum
353 2149 418 2182 tot
447 2141 668 2196 tantisque
698 2137 832 2181 rebus
862 2139 1183 2196 investigandis
1213 2137 1327 2181 haud
1357 2138 1494 2182 facile
1525 2154 1637 2182 unus
1667 2154 1746 2197 par
1775 2141 1856 2192 sit,
1895 2146 2020 2194 grato
2056 2138 2196 2180 animo
2226 2142 2382 2194 accipi-

194 2208 373 2258 endum,
414 2208 529 2263 qnod
568 2205 650 2248 alii
678 2205 927 2247 subsistunt
966 2208 1010 2247 in
1047 2215 1278 2248 metrorum
1308 2209 1476 2248 ratione
1505 2208 1829 2256 constituenda,
1868 2204 1946 2246 alii
1985 2205 2031 2245 in
2060 2207 2271 2248 sermonis
2302 2221 2385 2249 usu

192 2274 415 2326 docendo,
444 2273 525 2316 alii
553 2275 599 2315 in
626 2274 823 2326 poeticae
852 2273 1059 2315 dictionis
1089 2272 1237 2314 indole
1257 2272 1558 2329 explananda,
1590 2273 1669 2316 alii
1698 2279 1742 2318 in
1768 2270 1959 2328 singulis
1980 2272 2208 2314 sententiis
2231 2287 2385 2316 eruen-

193 2342 289 2394 dis,
329 2340 411 2383 alii
448 2342 494 2382 in
524 2338 655 2382 rebus
694 2338 898 2394 mythicis
938 2346 980 2381 et
1017 2339 1239 2382 historicis
1276 2340 1576 2394 explicandis,
1617 2340 1697 2383 alii
1735 2343 1780 2382 in
1815 2349 2026 2390 tempore,
2066 2351 2148 2390 quo
2188 2340 2385 2394 quodque

193 2421 367 2451 carmen
396 2408 607 2462 scriptum
646 2408 727 2458 sit,
765 2405 1042 2459 definiendo,
1089 2407 1167 2448 alii
1203 2409 1248 2448 in
1286 2410 1535 2461 occasione,
1576 2423 1661 2464 qua
1689 2422 1798 2449 usus
1835 2407 1894 2447 sit
1932 2408 2077 2459 poeta,
2113 2408 2385 2461 exponenda,

192 2475 274 2519 alii
302 2475 349 2517 in
376 2475 601 2530 personis,
630 2472 685 2515 ad
717 2486 825 2530 quas
855 2473 952 2516 data
982 2482 1083 2517 sunt
1098 2475 1308 2527 carmina,
1339 2475 1652 2532 depingendis,
1681 2474 1761 2517 alii
1791 2475 1835 2516 in
1861 2476 1955 2514 arte
1977 2471 2128 2513 critica
2150 2472 2386 2518 factitanda

193 2544 249 2586 ad
269 2548 442 2584 textum
464 2541 528 2582 ita
552 2540 924 2593 constituendum,
943 2549 990 2582 ut
1014 2543 1222 2583 varietate
1244 2541 1447 2585 lectionis
1464 2557 1518 2584 ne
1531 2541 1698 2585 laboret
1713 2557 1761 2585 ac
1776 2538 1955 2590 titubet,
1975 2537 2055 2579 alii
2071 2539 2116 2579 in
2132 2538 2234 2582 aliis
2250 2541 2384 2584 rebus

193 2607 546 2667 perscrutandis:
597 2615 739 2648 tamen
779 2606 861 2649 hoc
898 2608 1000 2662 jure
1045 2608 1229 2665 quodam
1268 2617 1526 2666 exspectare
1570 2623 1704 2666 posse
1747 2607 1877 2650 nobis
1915 2605 2134 2657 videmur,
2184 2615 2255 2660 ut,
2312 2610 2386 2661 qui

197 2677 332 2718 tantis
369 2672 636 2730 multiplicis
667 2673 926 2718 eruditionis
961 2673 1181 2718 thesauris
1212 2675 1350 2731 adjuti
1377 2684 1503 2730 atque
1541 2677 1775 2720 sustentati
1803 2679 1926 2724 sunt,
1967 2671 2021 2713 ad
2050 2686 2145 2714 eum
2176 2686 2387 2718 summum

199 2743 329 2800 quasi
369 2739 698 2796 intelligentiae
738 2744 866 2794 atq'ne
908 2740 1222 2798 explicationis
1258 2744 1436 2800 gradum
1481 2744 1714 2786 ascendere
1748 2743 1964 2791 nitantur,
2009 2752 2093 2795 quo
2128 2739 2183 2781 ad
2218 2752 2386 2784 omnem

195 2810 355 2866 poetae
415 2815 552 2849 artem
600 2806 909 2864 explicandam
952 2809 1124 2852 tandem
1164 2811 1470 2853 constituerint
1515 2811 1805 2867 investigare,
1862 2820 1947 2864 quo
2006 2804 2192 2847 consilio
2243 2821 2386 2865 quove

197 2876 333 2920 animi
369 2873 531 2918 affectu
564 2879 690 2928 poeta
727 2880 901 2919 carmen
938 2879 1252 2934 composuerit,
1289 2879 1388 2936 quis
1425 2877 1545 2922 color
1581 2880 1639 2922 sit
1667 2875 1900 2927 dictioniS,
1936 2886 2045 2930 quae
2082 2872 2224 2917 unitas
2258 2874 2388 2918 ideae
