2677 3370
190 212 333 255 breve
356 219 443 257 θεας
483 218 527 251 et
555 212 622 251 sic
650 213 832 265 possent
867 209 1069 250 fortassis
1108 207 1346 250 homiues
1376 220 1542 260 qnoque
1581 207 1738 252 breves
1776 212 1878 255 dici.
1937 212 1996 256 At
2035 213 2283 258 dominus
2313 216 2403 259 dici

191 294 276 322 non
308 286 452 334 potest
481 275 653 327 brevis,
689 277 819 330 quasi
856 277 1028 318 omnino
1059 276 1155 328 ejus
1193 276 1335 329 ipsius
1365 275 1460 315 vita
1487 273 1635 316 brevis
1666 284 1808 329 esset,
1839 281 1917 321 sed
1949 282 2071 332 quia,
2102 283 2271 324 etiamsi
2303 284 2399 324 diu·

191 346 366 388 tissime
398 343 587 393 vixerit,
617 339 689 384 vel
710 338 971 396 longissima
1001 341 1091 382 vita
1107 340 1268 383 fruitus
1299 341 1382 392 sit,
1413 348 1557 383 tamen
1586 354 1673 384 non
1704 356 1782 397 per
1810 343 1989 402 longum
2019 354 2190 402 tempus
2219 348 2401 392 illarum

194 426 340 455 rerum
374 410 462 465 ipsi
500 408 781 461 superstitum
823 407 1023 448 dominus
1061 407 1216 460 fuerit,
1262 406 1334 448 vel
1371 408 1428 448 iis
1468 421 1552 448 non
1592 409 1669 450 diu
1715 408 1878 453 fruitus
1924 414 1996 454 sit.
2053 412 2213 454 Posses
2262 416 2401 468 igitur

197 480 362 529 dicere,
398 484 569 529 poetam
599 474 679 522 hoc
707 483 825 516 certe
854 473 949 516 loco
987 473 1106 530 loqui
1144 474 1197 516 de
1235 474 1392 516 brevi
1436 487 1538 516 usu
1580 488 1725 518 rerum
1761 487 2051 531 terrenarum,
2087 480 2262 521 minime
2298 493 2400 523 vero

199 546 256 587 de
287 542 567 584 brevitate
597 542 763 583 vitae.

309 609 458 665 Magis
488 609 642 660 miror,
680 608 794 663 quod
825 610 954 649 etiam
982 607 1156 649 Acron
1184 615 1353 659 poetam
1383 608 1506 659 queri
1536 607 1643 649 dicit
1672 608 1736 649 de
1767 612 1915 653 vitae
1945 611 2245 663 brevitate,
2276 626 2405 667 quum

198 678 347 720 statim
368 675 449 717 hoc
472 681 772 731 argumentum
792 675 942 725 addat,
972 673 1107 730 quod
1136 672 1319 715 nullus
1345 674 1582 725 justitia
1612 673 1699 715 vel
1727 676 1941 726 pietate
1977 688 2201 719 mortem
2229 679 2406 729 possit

199 742 455 793 evadere,
492 754 574 793 quo
604 740 774 793 quidem
802 748 1054 795 argumento
1084 752 1168 780 non
1191 739 1539 791 demonstratur,
1569 740 1733 782 vitam
1762 739 1977 785 brevem
2007 760 2131 797 esse,
2162 743 2260 795 sed,
2290 745 2405 795 quod

205 808 363 851 Venet.
396 810 517 851 1492.
548 807 804 861 inscriptum
833 805 986 857 habet,
1025 813 1238 846 mortem
1267 819 1389 846 esse
1418 805 1830 849 inevitabilem.
1885 808 1979 851 Jam
2011 810 2110 866 plus
2147 808 2400 866 significare

201 875 405 917 voluisse
445 874 616 915 videtur
642 874 868 924 inscriptio
903 871 1078 913 membr.
1117 870 1292 912 Marcil.
1322 871 1376 912 de
1413 873 1852 925 superstitione,
1895 890 2025 930 quam
2067 876 2178 917 haud
2218 877 2310 917 scio
2348 889 2403 916 au

201 940 516 984 Braunhardus
538 940 582 980 in
606 937 853 991 parenthesi
875 951 959 979 non
982 945 1097 979 recte
1121 935 1386 990 explicuerit
1400 937 1571 979 dicens:
1602 938 1660 988 „i.
1680 952 1719 979 e.
1749 947 1888 981 metu
1916 944 2159 993 mortis“‚
2189 941 2405 997 siquidem

205 1008 312 1050 haec
342 1016 443 1048 sunt
483 1007 642 1057 ipsius,
680 1018 763 1045 non
793 1003 969 1045 membr.
1008 1001 1155 1045 verba.
1216 1002 1344 1052 Quod
1383 1013 1526 1046 autem
1555 1019 1582 1046 a
1616 1003 1989 1059 porphyrione
2027 1009 2268 1064 argumenti
2306 1006 2405 1050 loco

204 1075 434 1116 adnotatur
459 1077 626 1127 poetam
648 1071 764 1122 loqui
782 1072 833 1110 de
864 1070 1158 1111 celeritate
1189 1073 1472 1111 currentis
1503 1072 1676 1119 vitae,
1706 1072 1751 1112 id
1774 1072 1828 1112 ad
1848 1072 1989 1114 solum
2016 1076 2184 1115 initium
2200 1076 2402 1116 carminis

206 1142 417 1197 pertinet3
455 1152 593 1193 neque
622 1146 762 1178 tamen
793 1136 854 1177 ibi
884 1147 1052 1188 poetam
1083 1136 1204 1191 loqui
1234 1137 1285 1177 de
1316 1139 1453 1177 omnis
1494 1139 1608 1178 vitae
1646 1136 1854 1178 hnmanae
1892 1139 2027 1181 celeri
2067 1155 2219 1193 cursu,
2257 1149 2406 1193 postea

206 1205 469 1249 videbimus.
528 1202 821 1245 Lambinus
865 1205 1033 1257 (1571),
1079 1204 1153 1259 qui
1200 1212 1451 1259 argumenta
1497 1202 1756 1245 brevissime
1801 1213 1844 1245 et
1887 1207 2140 1248 acutissime
2186 1221 2400 1259 exponere

208 1273 347 1324 solet,
378 1280 518 1312 tamen
552 1270 682 1324 hujus
714 1271 915 1311 carminis
948 1278 1110 1324 partem
1146 1274 1308 1311 tantum
1340 1270 1540 1325 designat
1569 1268 1649 1311 illo
1679 1280 1953 1325 argumento:
1993 1270 2211 1324 „Mortem
2247 1274 2403 1314 evitari

208 1352 294 1379 non
312 1339 491 1388 posse.“
536 1334 652 1376 Idem
671 1336 774 1376 facit
798 1335 1036 1375 Gualterus
1058 1334 1214 1387 (Basil.
1244 1337 1390 1388 1587),
1420 1337 1508 1387 qui,
1539 1336 1651 1388 quod
1682 1334 1889 1377 theticum
1916 1337 2136 1392 appellare
2156 1337 2291 1390 solet,
2321 1337 2401 1380 hoc

209 1404 458 1459 proposuit:
499 1401 783 1454 „Postumum
804 1401 948 1452 docet,
979 1400 1092 1442 nihil
1123 1416 1221 1443 esse
1252 1403 1297 1442 in
1327 1401 1396 1443 his
1428 1403 1581 1453 terris,
1611 1415 1692 1453 quo
1721 1404 1861 1453 possit
1891 1402 2016 1444 homo
2046 1418 2072 1444 a
2100 1414 2235 1446 morte
2264 1405 2405 1446 vindi-

210 1472 350 1514 cari.“
409 1467 600 1525 Uterque
631 1468 767 1524 igitur
803 1482 882 1509 nec
922 1470 1114 1524 priorum
1143 1469 1275 1510 trium
1306 1482 1531 1520 versuum,
1568 1482 1647 1510 nec
1685 1467 1934 1511 ultimorum
1970 1485 2173 1513 versuum
2199 1474 2254 1515 22
2278 1497 2331 1503 —
2352 1474 2408 1514 28

210 1539 424 1579 rationem
466 1534 634 1574 habuit.
691 1532 962 1593 Brevissima
1005 1536 1190 1585 denique
1237 1536 1465 1589 inscriptio
1513 1533 1617 1575 Cod.
1669 1533 1816 1578 Guelf.
1874 1535 1982 1587 „Ad
2040 1535 2107 1577 Po
2123 1545 2259 1578 stum
2273 1541 2405 1589 um,“

213 1617 343 1657 quum
374 1600 506 1656 hujus
535 1601 677 1653 ipsius
707 1602 896 1642 nominis
927 1600 1092 1656 duplici
1123 1600 1418 1656 appellatione
1448 1602 1492 1642 in
1523 1616 1564 1642 v.
1598 1603 1636 1644 1.
1663 1601 1761 1642 data
1789 1616 1839 1643 ac
1868 1603 2158 1644 commendata
2186 1617 2300 1655 esse,
2330 1618 2408 1645 nec

212 1669 445 1726 quidquam
475 1668 722 1722 argumenti
750 1667 930 1719 prodere
962 1668 1208 1718 videretur,
1239 1669 1302 1708 ita
1332 1666 1521 1721 placuit,
1553 1672 1601 1708 ut
1621 1666 1726 1709 olim
1746 1668 1838 1709 fere
1859 1681 2005 1710 omnes
2032 1669 2218 1710 editores
2240 1683 2408 1711 carmen

212 1737 278 1777 ita
314 1733 628 1779 inscriberent;
661 1733 738 1774 sed
770 1742 911 1774 tamen
942 1732 1120 1784 dubito,
1160 1747 1214 1773 an
1244 1733 1350 1773 ferri
1379 1734 1532 1785 possit.
1589 1731 1741 1785 Neque
1784 1735 1854 1775 usi
1883 1743 1983 1775 sunt
2013 1734 2091 1776 hac
2126 1735 2407 1790 inscriptione

214 1802 481 1845 recentiores
513 1799 726 1846 editores3
764 1799 841 1841 sed
872 1813 1002 1841 causa
1032 1813 1125 1840 eam
1155 1800 1381 1841 omittendi
1411 1801 1469 1841 iis
1499 1801 1594 1841 sine
1625 1799 1758 1841 dubio
1788 1799 1893 1841 haec
1921 1801 2030 1852 fuit,
2079 1802 2189 1856 quod
2215 1815 2305 1845 eam
2331 1815 2409 1856 pro

216 1868 511 1910 additamento
531 1866 905 1922 grammaticorum
938 1863 1203 1918 habuerunt,
1235 1879 1366 1922 quum
1394 1874 1519 1918 poeta
1547 1867 1642 1919 ipse
1670 1865 1842 1908 nullum
1871 1880 2038 1908 carmen
2069 1865 2213 1920 aliquo
2240 1869 2412 1910 nomine

216 1935 501 1989 inscripsisse
546 1932 758 1973 videatur.
822 1932 956 1976 Nemo
997 1946 1144 1973 eorum
1190 1938 1304 1973 certe
1346 1935 1627 1988 incongruam
1677 1947 1771 1974 eam
1812 1934 1898 1985 ipsi
1939 1935 2118 1975 carmini
2161 1932 2409 1989 appellavit.

219 2000 308 2044 Sed
339 2009 481 2042 tamen
512 1999 817 2055 inquirendum
849 2000 959 2050 erit,
1000 2012 1139 2039 annon
1169 2000 1312 2053 ipsius
1341 2008 1492 2050 poetae
1522 1999 1707 2041 consilio
1737 2007 1959 2055 repugnet.

328 2065 537 2110 Vidimus
567 2066 722 2121 igitur,
763 2070 931 2106 veteres
962 2066 1218 2117 interpretes
1250 2079 1334 2107 non
1363 2067 1497 2108 anxie
1526 2080 1723 2119 curasse,
1759 2075 1806 2108 ut
1835 2079 1982 2108 omnes
2012 2066 2213 2108 carminis
2242 2076 2413 2109 senten-

219 2137 306 2176 tias
343 2147 430 2174 una
466 2133 645 2173 notione
683 2131 1091 2183 complecterentur,
1129 2132 1205 2172 sed
1237 2131 1489 2186 plerumque
1520 2134 1796 2184 acquievisse
1831 2134 1876 2173 in
1914 2132 1973 2172 iis
2010 2134 2260 2186 sententiis,
2304 2147 2413 2185 quae

219 2199 477 2258 praevalere
511 2198 778 2239 viderentur.
835 2197 929 2237 Jam
966 2199 1288 2249 examinemus,
1325 2212 1424 2238 num
1454 2200 1717 2239 recentiores
1748 2197 1946 2254 singulas
1985 2198 2220 2239 sententias
2249 2200 2412 2240 rectius

220 2264 553 2317 intellexerint,
591 2272 720 2321 atque
750 2265 1017 2320 argumentis
1054 2262 1306 2318 plerumque
1348 2263 1524 2306 uberius
1563 2267 1780 2320 expositis
1815 2266 1945 2307 etiam
1982 2264 2177 2305 universi
2212 2266 2413 2307 carminis

223 2331 418 2376 indolem
448 2344 497 2372 ac
525 2338 723 2379 naturam
751 2332 976 2386 perspicue
1008 2331 1348 2384 cognoscendam
1378 2331 1660 2373 ostenderint.

334 2396 659 2439 Zeunianum
688 2404 1010 2451 argumentum,
1048 2397 1157 2447 quod
1190 2405 1231 2436 et
1260 2395 1445 2438 Bothius
1476 2399 1677 2449 retinuit,
1715 2405 1802 2438 est:
1842 2394 2025 2448 „Deflet
2053 2394 2260 2437 humanae
2299 2399 2415 2439 vitae

223 2465 506 2516 brevitatem,
551 2470 594 2504 et
628 2461 858 2514 Postume,
904 2463 969 2503 rei
1014 2462 1219 2505 familiari
1260 2465 1387 2505 nimis
1430 2473 1618 2517 attento,
1664 2464 1844 2515 suadet,
1890 2470 1937 2503 ut
1972 2460 2081 2512 sibi,
2127 2476 2210 2503 non
2249 2460 2416 2516 heredi,

224 2534 397 2574 vivat.“
455 2529 551 2571 Hoc
569 2528 763 2571 Zeunius
790 2533 907 2570 recte
939 2529 1069 2581 vidit,
1100 2531 1310 2571 rationem
1340 2529 1580 2572 habendam
1610 2545 1709 2572 esse
1733 2531 1863 2572 etiam
1879 2527 2100 2577 haeredis;
2129 2527 2251 2571 nullo
2273 2538 2417 2573 autem

225 2597 361 2642 verbo
392 2596 625 2653 quidquam
658 2597 811 2638 suadet
837 2603 984 2649 poeta,
1015 2597 1167 2637 nedum
1193 2595 1332 2648 illud,
1365 2606 1410 2637 ut
1440 2596 1526 2639 sibi
1564 2600 1684 2638 vivat
1712 2597 1960 2638 Postumus.

339 2661 694 2720 Brieglebius
742 2662 1049 2719 (Vorlesungen
1092 2662 1189 2706 iiber
1231 2663 1311 2706 deu
1348 2662 1507 2708 Horaz.
1549 2663 1795 2719 Alteuburg.
1840 2662 1964 2716 1770)
2007 2658 2087 2703 hoc
2121 2671 2418 2719 argumentum

229 2733 371 2777 dedit:
429 2729 585 2780 „Diese
629 2730 718 2771 Ode
762 2733 818 2772 ist
861 2734 931 2771 εἰη
981 2729 1181 2771 Gemiilde
1218 2731 1307 2770 voll
1350 2730 1631 2787 Empfindung
1675 2746 1755 2773 von
1811 2729 1886 2771 der
1941 2726 1978 2768 V
1975 2729 2304 2783 ergangltclekett
2344 2731 2419 2773 des

228 2795 527 2842 masclam-hen
571 2795 745 2839 Lebem.
804 2794 864 2835 W
861 2799 901 2836 ἐν
949 2796 1062 2838 ez‘leu
1105 2796 1313 2839 rtic’udlicli
1356 2798 1445 2839 dem
1498 2797 1609 2839 Tode
1654 2804 1883 2852 entgegen‚
1928 2793 2017 2836 dem
2061 2798 2137 2835 wir
2178 2794 2288 2842 reich!
2330 2803 2420 2838 ent-

216 2864 378 2922 flt'eloen
409 2863 577 2904 konnen.
633 2861 763 2916 Dies-e
799 2866 987 2918 wenigen
1022 2862 1153 2905 Ideen
1195 2863 1311 2905 stelle
1347 2862 1495 2906 Horas
1532 2865 1608 2907 der
1643 2862 1820 2907 Dichter
1856 2859 1984 2904 durch
2022 2861 2101 2903 das
2142 2874 2276 2916 gauze
2310 2861 2422 2905 Lied

228 2928 496 2978 anschaulicla
530 2930 628 2981 dar,
663 2930 747 2973 tend
783 2928 920 2972 macla
953 2933 1015 2973 sie
1051 2935 1325 2982 interereunt,
1362 2932 1446 2974 und
1472 2930 1580 2974 ziela!
1617 2929 1784 2986 Fulgeu
1820 2929 1998 2981 dan-aus,
2038 2927 2104 2971 die
2140 2943 2186 2971 er
2219 2943 2296 2972 nur
2329 2928 2424 2972 halb

2618 0 2627 53 .--
