2677 3370
1267 103 1337 152 ’ᾖ

184 245 302 294 tute,
344 243 422 285 sed
460 243 754 285 tantummodo
791 251 966 298 propter
1012 243 1205 284 uxoris
1247 243 1454 284 virtutem
1494 240 1680 284 alterum
1719 242 1904 287 Ulixem
1945 245 2054 287 fote.
2113 240 2275 294 Qiare'
2310 262 2409 290 eum

180 321 285 349 mox
316 310 457 362 magis
494 309 615 349 fallit
644 322 693 348 ac
730 308 998 349 ludificatur.
1058 306 1204 354 Quum
1244 309 1362 347 enim
1394 307 1598 348 omnibus
1628 308 1909 351 mirabilibus
1946 310 2054 352 fatis
2090 320 2133 351 et
2167 312 2408 366 praeclaris

181 372 309 414 factis
357 371 512 415 Ulixis
560 375 778 415 enarratis
825 373 999 414 tandem
1050 366 1422 423 dicat‚··Ulixem
1460 386 1604 428 neque
1648 374 1732 416 illa
1777 376 1867 417 fata
1910 376 2077 418 frustra
2121 379 2409 430 sustinuisse,

182 450 323 490 neque
350 438 433 480 illa
460 440 579 480 facta
604 440 768 481 frustra
797 439 1019 490 edidisse,
1057 431 1161 494 quia
1191 447 1349 489 „casta
1379 438 1495 479 domi
1527 441 1781 493 persederat
1811 446 1978 492 uxer,“
2005 444 2197 495 speciem
2225 457 2330 495 prae
2359 460 2409 485 se

182 504 291 555 fert,
334 506 460 558 quasi
496 520 553 545 ex
591 507 734 555 ipsius
774 503 930 544 Ulixis
969 504 1176 558 exemplo
1217 503 1339 543 illam
1370 504 1530 544 famam
1568 504 1777 544 Postumo
1814 508 2164 556 praenunciatarn
2202 514 2408 564 tanquam

183 570 476 610 neeessariam
500 571 565 610 ita
593 570 892 610 demonstrare
923 568 1055 619 velit,
1088 578 1134 609 ut
1164 569 1306 619 dicat,
1334 568 1485 609 eodem
1515 570 1644 610 modo
1675 584 1754 611 nec
1786 571 2034 613 Postumum
2066 571 2294 615 mirabilia
2316 575 2410 616 fata

182 635 346 675 frustra
360 639 659 676 sustenturum
682 649 763 675 nec
781 634 1003 686 praeclara
1032 635 1145 675 facta
1175 634 1337 675 frustra
1367 634 1582 676 editurum
1614 650 1726 677 esse.
1789 636 1874 677 Sed
1902 639 2024 678 ecce!
2064 652 2133 688 ee,
2156 640 2264 690 quod
2285 641 2407 682 addit

185 692 449 741 sententiam
476 701 579 741 inde
614 714 698 739 non
737 709 1061 754 exspectatam:
1121 699 1361 751 „Vincet
1400 698 1639 751 Penelopes
1674 701 1806 742 Aelia
1844 702 1975 743 Galla
2019 703 2216 753 fidom‚“
2257 705 2403 746 subito

182 765 402 820 significat
428 766 484 805 de
505 765 716 806 Postumo·
737 780 837 806 esse
852 767 1057 813 dicenda,
1089 779 1199 820 quae
1224 764 1319 805 illis
1341 763 1468 815 plane
1498 768 1775 808 contraria
1806 769 1911 809 sint.
1967 766 2110 816 Quum
2132 769 2247 810 enim
2270 770 2401 812 Aelia

182 829 314 871 Galla
337 829 579 882 Penelopen
615 834 832 871 vincere
863 845 944 870 non
972 833 1134 884 possit,
1165 832 1251 870 nisi
1285 830 1363 869 hac
1395 844 1462 880 re,
1493 832 1631 885 quod,
1662 845 1785 886 quam
1817 833 2035 885 Penelope
2065 833 2222 875 Ulixi
2252 836 2401 877 multis

182 894 424 937 virtutibus
462 904 652 936 ornato
690 895 822 936 fidem
867 895 1096 950 probavit,
1147 896 1325 935 eandem
1359 895 1490 935 Aelia
1537 895 1671 936 Galla
1707 897 1961 939 Postumo
2005 899 2206 940 omnibus
2246 898 2401 941 Ulixis

182 960 420 1002 virtutibus
451 962 663 1002 carenti
702 961 937 1013 probatura
969 966 1060 1013 est,
1098 969 1223 1013 poeta
1254 961 1387 1001 tacite
1411 959 1538 1014 jubet
1569 960 1820 1004 Postumum
1860 964 2147 1017 conclu-dere,
2191 966 2277 1017 ipsi
2313 967 2404 1007 dic·

182 1036 274 1068 tum
302 1042 402 1069 esse
432 1029 579 1082 potius
609 1027 716 1068 hoc:
757 1028 867 1079 „Ex
902 1029 1058 1068 uxoris
1089 1027 1260 1079 quidem
1285 1026 1372 1067 fide
1402 1026 1513 1068 alter
1540 1026 1703 1070 Ulixes
1736 1029 2047 1084 videberis,
2079 1032 2173 1083 sed,
2191 1024 2403 1083 quantum

181 1095 227 1134 in
258 1102 300 1135 te
338 1101 430 1145 est,
457 1092 609 1134 nihil
646 1094 790 1134 minus
840 1095 970 1145 eris,
1009 1107 1133 1145 quam
1175 1092 1347 1134 Ulixes.
1406 1091 1493 1134 Ubi
1532 1096 1646 1135 enim
1678 1094 1764 1136 hic
1800 1109 1885 1137 non
1915 1097 2082 1138 frustra
2124 1099 2404 1139 sustinuit

179 1159 402 1201 mirabilia
439 1159 552 1211 fata,
592 1172 676 1201 nec
709 1159 875 1200 frustra
911 1160 1082 1201 edidit
1117 1159 1295 1200 fortiter
1331 1159 1472 1211 facta,
1512 1162 1613 1211 qnia
1649 1166 1772 1202 casta
1810 1163 1928 1204 domi
1970 1164 2227 1218 persederat
2270 1178 2400 1215 uxor,

182 1225 244 1267 ibi
276 1236 329 1267 tu
369 1241 392 1266 e
433 1227 653 1267 contrario
681 1239 764 1266 non
796 1226 961 1266 frustra
990 1224 1211 1267 carebis
1252 1233 1294 1265 et
1324 1225 1428 1265 fatis
1459 1225 1557 1266 illis
1585 1226 1862 1268 mirabilibus
1894 1238 1936 1268 et
1966 1230 2095 1270 factis
2133 1224 2400 1283 praeclaris3

182 1306 278 1333 nam
316 1301 391 1333 tna
421 1306 531 1332 uxor
561 1291 706 1333 nihilo
731 1293 874 1333 minus
904 1300 1026 1333 casta
1056 1289 1382 1346 permanehit-‘⁶
1443 1290 1516 1332 Sic
1546 1292 1684 1345 igitur
1713 1302 1838 1342 poeta
1860 1293 2052 1335 Aeliae
2083 1294 2279 1335 Gallae
2313 1298 2401 1335 vir-

181 1366 274 1399 tute
315 1358 515 1411 augenda
558 1364 690 1408 atque
724 1358 838 1397 tama
881 1357 1190 1410 amplificanda
1228 1370 1251 1396 e
1290 1358 1507 1396 contrario
1545 1357 1700 1395 famam
1740 1356 1983 1397 Postumo
2024 1368 2150 1399 antea
2186 1372 2399 1409 praenun-

182 1425 336 1466 ciatam
366 1424 428 1463 ita
452 1424 609 1463 niiuuit
631 1431 759 1473 atque
783 1429 1027 1473 extenuat,
1055 1431 1100 1462 nt
1123 1422 1333 1462 acerrime
1358 1424 1401 1462 ei
1421 1423 1610 1462 omnium
1641 1424 1891 1463 meritorum
1917 1426 2107 1478 inopiam
2131 1424 2400 1475 exprobrans

181 1491 322 1532 famae
350 1503 401 1530 ac
430 1490 617 1529 nominis
640 1487 937 1528 celebritatem
969 1489 1225 1539 promissam
1251 1488 1342 1541 jam
1373 1489 1417 1528 in
1449 1488 1728 1528 infamiam
1759 1498 1889 1543 atque
1920 1491 2268 1543 ignominiam
2302 1504 2401 1531 esse

181 1568 434 1597 conversam
465 1555 690 1603 ostendat,
722 1559 766 1593 et
794 1556 1034 1603 superioris
1060 1554 1321 1594 Hexametri
1355 1554 1614 1592 sententiam
1645 1554 1902 1593 invertendo
1934 1555 2202 1595 emendatam
2232 1568 2281 1595 ac
2308 1569 2405 1595 cor-

179 1626 337 1664 rectam
368 1619 480 1660 hanc
519 1633 619 1659 esse
651 1618 897 1673 significet:
943 1618 1052 1670 „Tu
1083 1632 1167 1658 non
1198 1617 1312 1659 alter
1341 1619 1431 1658 eris
1463 1618 1565 1658 fatis
1605 1627 1648 1658 et
1684 1618 1827 1671 gloria
1857 1617 2077 1668 Ulixes,“
2122 1622 2182 1659 ita
2220 1629 2267 1659 ut
2306 1622 2401 1660 nni-

182 1688 299 1729 versi
331 1683 510 1738 distichi
542 1685 761 1725 sententia
802 1683 913 1725 llaec
940 1686 1022 1726 sit:
1065 1683 1342 1737 „Postumus
1384 1682 1522 1725 Ulixe
1561 1686 1702 1724 minor
1746 1685 1830 1725 erit
1874 1685 2059 1740 ideoque
2101 1684 2230 1726 Aelia
2269 1685 2401 1726 Galla

178 1751 395 1803 Penelope
425 1752 611 1805 major.“

289 1817 471 1860 Accedit
509 1826 652 1857 autem
691 1816 744 1857 ad
788 1815 1129 1867 similitudines,
1178 1830 1284 1868 quas
1323 1830 1452 1867 snpra
1490 1816 1605 1856 inter
1644 1824 1872 1872 utrumque
1912 1830 2083 1857 carmen
2122 1817 2395 1857 intercedere

180 1887 301 1935 dixi,
356 1885 487 1924 etiam
534 1882 664 1932 haec,
719 1883 831 1932 quod
885 1882 1144 1936 Propertius
1193 1895 1362 1936 quoqne
1408 1881 1677 1934 aptissimam
1722 1884 2064 1922 occasionem
2094 1884 2294 1933 arripuit
2337 1882 2391 1923 ad

180 1950 316 1993 malos
349 1963 398 1989 ac
428 1962 656 1998 perversos
687 1961 829 1987 mores
855 1947 1050 1988 Postumi
1080 1947 1380 2001 castigandos.
1439 1946 1545 1985 Sine
1575 1945 1707 1986 dubio
1740 1949 1876 1996 enim,
1907 1947 1982 1987 ubi
2007 1949 2088 1999 iis,
2120 1949 2193 2002 qui
2217 1950 2394 2001 Augus·

180 2027 269 2058 tum
299 2017 343 2056 in
376 2012 540 2054 bellum
578 2012 925 2064 proficiscentem
965 2014 1138 2068 sequuti
1176 2020 1321 2062 erant,
1357 2012 1521 2062 primae
1551 2011 1727 2051 litterae
1765 2011 1819 2052 ab
1860 2011 2069 2053 uxoribus
2109 2011 2180 2052 vel
2221 2013 2393 2053 domes-

181 2084 281 2124 ticis
320 2078 627 2130 mittebantur,
676 2079 846 2118 curavit
882 2086 1032 2130 poeta,
1084 2086 1129 2118 ut
1166 2076 1272 2118 haec
1309 2075 1457 2131 elegia
1503 2084 1703 2132 tanquam
1749 2076 1900 2132 paullo
1945 2082 2044 2118 ante
2086 2077 2314 2133 divulgata
2351 2087 2395 2119 et

181 2149 306 2205 quasi
346 2154 447 2186 vota
489 2146 741 2195 continens,
785 2144 943 2200 quibus
982 2145 1094 2186 alias
1131 2145 1262 2184 amici
1304 2144 1468 2183 amieos
1514 2143 1790 2184 discedentes
1837 2146 2043 2198 prosequi
2086 2143 2254 2195 solent,
2298 2143 2396 2184 illis

181 2214 345 2257 litteris
376 2211 620 2252 adderetur.

294 2277 397 2318 lnde
429 2277 640 2331 denique,
677 2276 789 2326 quod
820 2275 1064 2330 fingitur
1093 2275 1301 2315 Postumo
1331 2278 1546 2314 cantatum
1584 2288 1753 2314 carmen
1786 2282 2035 2330 utrumque,
2074 2277 2232 2329 conjici
2266 2289 2398 2330 posse

180 2355 311 2404 puto,
356 2341 506 2383 fictum
546 2356 645 2383 esse
685 2342 815 2382 etiam
852 2342 1024 2392 ipsum
1063 2354 1251 2381 nomen
1292 2340 1565 2390 Postumi,
1604 2342 1862 2393 praesertim
1903 2354 2031 2391 quum
2068 2343 2186 2381 inter
2223 2344 2394 2381 nomina

179 2408 402 2468 gentilitia
433 2406 504 2447 vel
535 2408 795 2462 cognomina
824 2419 907 2447 non
939 2405 1047 2447 haec
1077 2406 1344 2457 Postumi,
1377 2404 1453 2446 sed
1486 2404 1762 2446 Postumii
1798 2406 1935 2447 forma
1964 2407 2229 2447 inveniatur.
2285 2403 2392 2445 For-

179 2482 293 2520 sitan
323 2475 462 2529 igitur
489 2472 570 2514 ille
600 2474 670 2513 vir
698 2487 853 2514 revera
882 2474 965 2513 fuit
994 2474 1131 2527 patris
1158 2473 1227 2513 sui
1252 2471 1376 2513 filius
1397 2479 1647 2526 postumus,
1678 2485 1762 2524 quo
1785 2474 1957 2513 nomine
1977 2477 2128 2528 postea
2151 2484 2228 2523 per
2243 2472 2393 2526 jocum

181 2548 295 2587 inter
325 2538 570 2582 familiares
606 2539 927 2594 appellabatur.
985 2537 1033 2580 ld
1075 2541 1113 2579 si
1151 2539 1491 2592 sumpserimus,
1529 2551 1606 2590 per
1638 2541 1940 2592 repetitionem
1969 2538 2158 2578 nominis
2188 2538 2234 2577 in
2265 2539 2394 2578 initio

181 2608 387 2654 carminis
419 2605 652 2647 Horatiani
682 2606 858 2647 accedet
890 2606 1019 2647 etiam
1049 2603 1365 2646 familiaritatis
1391 2604 1559 2655 species
1589 2606 1738 2645 sensui
1771 2618 1899 2654 supra
1923 2605 2131 2657 exposito
2157 2604 2395 2654 aptissima.

292 2671 509 2715 Omnibus
546 2673 685 2727 igitur
721 2673 990 2727 argumentis
1034 2671 1279 2725 expositis,
1321 2683 1397 2711 cur
1432 2667 1559 2710 nobis
1598 2682 1851 2724 persuasum
1883 2670 1968 2721 sit,
2005 2669 2136 2710 etiam
2171 2670 2216 2709 in
2246 2667 2396 2726 elegia

181 2739 399 2796 Propertii
441 2738 514 2790 agi
555 2738 609 2778 de
649 2738 799 2778 eodem
839 2737 1071 2786 Postumo,
1120 2736 1173 2776 de
1214 2748 1298 2786 quo
1337 2735 1482 2788 agitur
1518 2734 1564 2772 in
1604 2736 1793 2787 carmine
1829 2733 2097 2784 Horatiano,
2130 2735 2223 2787 J’am
2266 2733 2394 2776 lubet

180 2809 323 2850 onmia
356 2802 548 2846 brevitor
577 2803 640 2842 ita
668 2802 922 2855 complecti,
961 2810 1008 2842 ut
1039 2802 1256 2851 dicamus,
1292 2799 1436 2840 videri
1465 2797 1592 2840 nobis
1622 2800 1872 2853 propositas
1908 2800 2015 2840 duas
2046 2799 2246 2851 ejusdem
2276 2800 2386 2842 Pos-

178 2874 285 2916 tumi
315 2870 443 2927 quasi
471 2868 687 2923 imagines
712 2882 737 2908 a
760 2868 930 2910 duobus
950 2868 1092 2919 poetis
1115 2867 1237 2907 vario
1263 2873 1451 2917 tempore
1474 2865 1693 2919 depictas,
1723 2878 1901 2917 quarum
1921 2863 2188 2907 lineamenta
2215 2867 2389 2919 quidem
