<?xml version="1.0" encoding="UTF-8"?>
<!DOCTYPE html PUBLIC "-//W3C//DTD XHTML 1.0 Transitional//EN"
    "http://www.w3.org/TR/xhtml1/DTD/xhtml1-transitional.dtd">
<html xmlns="http://www.w3.org/1999/xhtml" xml:lang="en" lang="en">
 <head>
  <title>
</title>
<meta http-equiv="Content-Type" content="text/html;charset=utf-8" />
  <meta name='ocr-system' content='tesseract 3.04.00' />
  <meta name='ocr-capabilities' content='ocr_page ocr_carea ocr_par ocr_line ocrx_word'/>
</head>
<body>
  <div class='ocr_page' id='page_1' title='image "4768555_0012.png"; bbox 0 0 2677 3370; ppageno 0'>
   <div class='ocr_carea' id='block_1_1' title="bbox 1266 95 1294 135">
    <p class='ocr_par' dir='ltr' id='par_1_1' title="bbox 1266 95 1294 135">
     <span class='ocr_line' id='line_1_1' title="bbox 1266 95 1294 135; baseline 0 0"><span class='ocrx_word' id='word_1_1' title='bbox 1266 95 1294 135; x_wconf 84' lang='grc'><strong>4</strong></span> 
     </span>
    </p>
   </div>
   <div class='ocr_carea' id='block_1_2' title="bbox 1148 149 1415 161">
    <p class='ocr_par' dir='ltr' id='par_1_2' title="bbox 1148 149 1415 161">
     <span class='ocr_line' id='line_1_2' title="bbox 1148 149 1415 161; baseline 0 3209"><span class='ocrx_word' id='word_1_2' title='bbox 1148 149 1415 161; x_wconf 95' lang='lat' dir='ltr'><strong> </strong></span> 
     </span>
    </p>
   </div>
   <div class='ocr_carea' id='block_1_3' title="bbox 173 228 2383 2357">
    <p class='ocr_par' dir='ltr' id='par_1_3' title="bbox 173 228 2383 2158">
     <span class='ocr_line' id='line_1_3' title="bbox 173 228 2381 292; baseline 0 -15"><span class='ocrx_word' id='word_1_3' title='bbox 173 247 313 292; x_wconf 84' lang='lat' dir='ltr'><strong>puero</strong></span> <span class='ocrx_word' id='word_1_4' title='bbox 355 238 545 276; x_wconf 82' lang='lat' dir='ltr'><strong>amatum</strong></span> <span class='ocrx_word' id='word_1_5' title='bbox 585 232 633 273; x_wconf 87' lang='lat' dir='ltr'><strong>in</strong></span> <span class='ocrx_word' id='word_1_6' title='bbox 669 242 845 272; x_wconf 88' lang='lat' dir='ltr'><strong>succum</strong></span> <span class='ocrx_word' id='word_1_7' title='bbox 882 235 927 270; x_wconf 90' lang='lat' dir='ltr'><strong>et</strong></span> <span class='ocrx_word' id='word_1_8' title='bbox 965 228 1223 284; x_wconf 82' lang='lat' dir='ltr'><strong>sangninem</strong></span> <span class='ocrx_word' id='word_1_9' title='bbox 1263 229 1456 271; x_wconf 81' lang='lat' dir='ltr'><strong>vertisse</strong></span> <span class='ocrx_word' id='word_1_10' title='bbox 1491 232 1619 285; x_wconf 85' lang='lat' dir='ltr'><strong>atque</strong></span> <span class='ocrx_word' id='word_1_11' title='bbox 1664 238 1714 272; x_wconf 90' lang='lat' dir='ltr'><strong>ut</strong></span> <span class='ocrx_word' id='word_1_12' title='bbox 1742 232 1905 289; x_wconf 81' lang='lat' dir='ltr'><strong>digitos</strong></span> <span class='ocrx_word' id='word_1_13' title='bbox 1933 235 2112 276; x_wconf 84' lang='lat' dir='ltr'><strong>novisse</strong></span> <span class='ocrx_word' id='word_1_14' title='bbox 2141 233 2227 277; x_wconf 87' lang='lat' dir='ltr'><strong>sibi</strong></span> <span class='ocrx_word' id='word_1_15' title='bbox 2256 235 2381 278; x_wconf 85' lang='lat' dir='ltr'><strong>vide·</strong></span> 
     </span>
     <span class='ocr_line' id='line_1_4' title="bbox 176 294 2381 355; baseline 0 -11"><span class='ocrx_word' id='word_1_16' title='bbox 176 301 334 355; x_wconf 81' lang='lat' dir='ltr'><strong>batur,</strong></span> <span class='ocrx_word' id='word_1_17' title='bbox 375 311 530 343; x_wconf 77' lang='lat' dir='ltr'><strong>causas</strong></span> <span class='ocrx_word' id='word_1_18' title='bbox 565 296 698 351; x_wconf 78' lang='lat' dir='ltr'><strong>hujus</strong></span> <span class='ocrx_word' id='word_1_19' title='bbox 746 296 814 336; x_wconf 91' lang='lat' dir='ltr'><strong>rei</strong></span> <span class='ocrx_word' id='word_1_20' title='bbox 842 294 1090 335; x_wconf 80' lang='lat' dir='ltr'><strong>accuratius</strong></span> <span class='ocrx_word' id='word_1_21' title='bbox 1132 295 1404 351; x_wconf 88' lang='lat' dir='ltr'><strong>investigare</strong></span> <span class='ocrx_word' id='word_1_22' title='bbox 1450 297 1610 348; x_wconf 87' lang='lat' dir='ltr'><strong>coepit,</strong></span> <span class='ocrx_word' id='word_1_23' title='bbox 1679 306 1725 339; x_wconf 91' lang='lat' dir='ltr'><strong>et</strong></span> <span class='ocrx_word' id='word_1_24' title='bbox 1765 312 1897 355; x_wconf 87' lang='lat' dir='ltr'><strong>quum</strong></span> <span class='ocrx_word' id='word_1_25' title='bbox 1939 298 2043 341; x_wconf 87' lang='lat' dir='ltr'><strong>illas</strong></span> <span class='ocrx_word' id='word_1_26' title='bbox 2092 300 2381 346; x_wconf 81' lang='lat' dir='ltr'><strong>difficultates</strong></span> 
     </span>
     <span class='ocr_line' id='line_1_5' title="bbox 175 360 2382 423; baseline 0 -12"><span class='ocrx_word' id='word_1_27' title='bbox 175 381 319 423; x_wconf 84' lang='lat' dir='ltr'><strong>neque</strong></span> <span class='ocrx_word' id='word_1_28' title='bbox 348 380 404 410; x_wconf 86' lang='lat' dir='ltr'><strong>ex</strong></span> <span class='ocrx_word' id='word_1_29' title='bbox 434 361 704 406; x_wconf 81' lang='lat' dir='ltr'><strong>obscuritate</strong></span> <span class='ocrx_word' id='word_1_30' title='bbox 733 361 991 417; x_wconf 86' lang='lat' dir='ltr'><strong>scriptoris,</strong></span> <span class='ocrx_word' id='word_1_31' title='bbox 1022 361 1165 417; x_wconf 86' lang='lat' dir='ltr'><strong>(quam</strong></span> <span class='ocrx_word' id='word_1_32' title='bbox 1186 362 1301 404; x_wconf 89' lang='lat' dir='ltr'><strong>enim</strong></span> <span class='ocrx_word' id='word_1_33' title='bbox 1329 360 1467 415; x_wconf 86' lang='lat' dir='ltr'><strong>polite</strong></span> <span class='ocrx_word' id='word_1_34' title='bbox 1496 366 1624 415; x_wconf 88' lang='lat' dir='ltr'><strong>atque</strong></span> <span class='ocrx_word' id='word_1_35' title='bbox 1654 361 1881 422; x_wconf 79' lang='lat' dir='ltr'><strong>eleganter</strong></span> <span class='ocrx_word' id='word_1_36' title='bbox 1910 364 2103 409; x_wconf 89' lang='lat' dir='ltr'><strong>scribere</strong></span> <span class='ocrx_word' id='word_1_37' title='bbox 2124 365 2283 413; x_wconf 83' lang='lat' dir='ltr'><strong>solitus</strong></span> <span class='ocrx_word' id='word_1_38' title='bbox 2305 370 2382 423; x_wconf 87' lang='lat' dir='ltr'><strong>sit,</strong></span> 
     </span>
     <span class='ocr_line' id='line_1_6' title="bbox 181 429 2383 488; baseline -0 -10"><span class='ocrx_word' id='word_1_39' title='bbox 181 438 269 478; x_wconf 85' lang='lat' dir='ltr'><strong>n&#39;on</strong></span> <span class='ocrx_word' id='word_1_40' title='bbox 299 433 440 477; x_wconf 88' lang='lat' dir='ltr'><strong>solum</strong></span> <span class='ocrx_word' id='word_1_41' title='bbox 476 445 537 474; x_wconf 84' lang='lat' dir='ltr'><strong>ex</strong></span> <span class='ocrx_word' id='word_1_42' title='bbox 572 431 718 485; x_wconf 88' lang='lat' dir='ltr'><strong>ipsius</strong></span> <span class='ocrx_word' id='word_1_43' title='bbox 755 442 831 469; x_wconf 91' lang='lat' dir='ltr'><strong>ore</strong></span> <span class='ocrx_word' id='word_1_44' title='bbox 867 429 1097 480; x_wconf 88' lang='lat' dir='ltr'><strong>audimus,</strong></span> <span class='ocrx_word' id='word_1_45' title='bbox 1140 429 1219 470; x_wconf 91' lang='lat' dir='ltr'><strong>sed</strong></span> <span class='ocrx_word' id='word_1_46' title='bbox 1256 430 1388 470; x_wconf 89' lang='lat' dir='ltr'><strong>etiam</strong></span> <span class='ocrx_word' id='word_1_47' title='bbox 1426 430 1473 470; x_wconf 91' lang='lat' dir='ltr'><strong>in</strong></span> <span class='ocrx_word' id='word_1_48' title='bbox 1513 429 1791 474; x_wconf 75' lang='lat' dir='ltr'><strong>sermonibus</strong></span> <span class='ocrx_word' id='word_1_49' title='bbox 1832 441 1878 474; x_wconf 91' lang='lat' dir='ltr'><strong>et</strong></span> <span class='ocrx_word' id='word_1_50' title='bbox 1915 432 2116 486; x_wconf 81' lang='lat' dir='ltr'><strong>epistolis</strong></span> <span class='ocrx_word' id='word_1_51' title='bbox 2153 431 2383 488; x_wconf 85' lang='lat' dir='ltr'><strong>probatum</strong></span> 
     </span>
     <span class='ocr_line' id='line_1_7' title="bbox 179 495 2379 556; baseline -0 -12"><span class='ocrx_word' id='word_1_52' title='bbox 179 499 416 555; x_wconf 83' lang='lat' dir='ltr'><strong>videmus),</strong></span> <span class='ocrx_word' id='word_1_53' title='bbox 435 511 576 552; x_wconf 87' lang='lat' dir='ltr'><strong>neque</strong></span> <span class='ocrx_word' id='word_1_54' title='bbox 597 510 656 539; x_wconf 86' lang='lat' dir='ltr'><strong>ex</strong></span> <span class='ocrx_word' id='word_1_55' title='bbox 679 496 968 551; x_wconf 81' lang='lat' dir='ltr'><strong>interpretum</strong></span> <span class='ocrx_word' id='word_1_56' title='bbox 985 495 1182 547; x_wconf 83' lang='lat' dir='ltr'><strong>inscitia,</strong></span> <span class='ocrx_word' id='word_1_57' title='bbox 1199 508 1340 551; x_wconf 91' lang='lat' dir='ltr'><strong>neque</strong></span> <span class='ocrx_word' id='word_1_58' title='bbox 1360 509 1418 538; x_wconf 86' lang='lat' dir='ltr'><strong>ex</strong></span> <span class='ocrx_word' id='word_1_59' title='bbox 1437 496 1648 538; x_wconf 83' lang='lat' dir='ltr'><strong>varietate</strong></span> <span class='ocrx_word' id='word_1_60' title='bbox 1671 495 1877 542; x_wconf 90' lang='lat' dir='ltr'><strong>lectionis</strong></span> <span class='ocrx_word' id='word_1_61' title='bbox 1902 500 2118 556; x_wconf 82' lang='lat' dir='ltr'><strong>profectas</strong></span> <span class='ocrx_word' id='word_1_62' title='bbox 2137 513 2237 542; x_wconf 89' lang='lat' dir='ltr'><strong>esse</strong></span> <span class='ocrx_word' id='word_1_63' title='bbox 2251 512 2379 553; x_wconf 80' lang='lat' dir='ltr'><strong>posse</strong></span> 
     </span>
     <span class='ocr_line' id='line_1_8' title="bbox 184 562 2382 624; baseline -0.001 -14"><span class='ocrx_word' id='word_1_64' title='bbox 184 565 516 619; x_wconf 85' lang='lat' dir='ltr'><strong>intellexisset,</strong></span> <span class='ocrx_word' id='word_1_65' title='bbox 545 563 758 606; x_wconf 90' lang='lat' dir='ltr'><strong>deductus</strong></span> <span class='ocrx_word' id='word_1_66' title='bbox 789 569 860 605; x_wconf 90' lang='lat' dir='ltr'><strong>est</strong></span> <span class='ocrx_word' id='word_1_67' title='bbox 889 575 965 615; x_wconf 90' lang='lat' dir='ltr'><strong>eo,</strong></span> <span class='ocrx_word' id='word_1_68' title='bbox 995 569 1043 602; x_wconf 88' lang='lat' dir='ltr'><strong>ut</strong></span> <span class='ocrx_word' id='word_1_69' title='bbox 1072 562 1400 617; x_wconf 87' lang='lat' dir='ltr'><strong>suspicaretur,</strong></span> <span class='ocrx_word' id='word_1_70' title='bbox 1430 563 1620 604; x_wconf 89' lang='lat' dir='ltr'><strong>carmina</strong></span> <span class='ocrx_word' id='word_1_71' title='bbox 1647 563 1802 608; x_wconf 90' lang='lat' dir='ltr'><strong>multis</strong></span> <span class='ocrx_word' id='word_1_72' title='bbox 1831 565 1943 609; x_wconf 90' lang='lat' dir='ltr'><strong>locis</strong></span> <span class='ocrx_word' id='word_1_73' title='bbox 1975 564 2241 624; x_wconf 88' lang='lat' dir='ltr'><strong>interpolata</strong></span> <span class='ocrx_word' id='word_1_74' title='bbox 2268 578 2382 609; x_wconf 86' lang='lat' dir='ltr'><strong>esse.</strong></span> 
     </span>
     <span class='ocr_line' id='line_1_9' title="bbox 178 627 2373 689; baseline 0 -13"><span class='ocrx_word' id='word_1_75' title='bbox 178 633 328 686; x_wconf 84' lang='lat' dir='ltr'><strong>Itaque</strong></span> <span class='ocrx_word' id='word_1_76' title='bbox 350 647 482 689; x_wconf 85' lang='lat' dir='ltr'><strong>quum</strong></span> <span class='ocrx_word' id='word_1_77' title='bbox 501 629 706 673; x_wconf 88' lang='lat' dir='ltr'><strong>versibus</strong></span> <span class='ocrx_word' id='word_1_78' title='bbox 729 630 891 682; x_wconf 86' lang='lat' dir='ltr'><strong>spuriis</strong></span> <span class='ocrx_word' id='word_1_79' title='bbox 914 629 1132 684; x_wconf 81' lang='lat' dir='ltr'><strong>sagaciter</strong></span> <span class='ocrx_word' id='word_1_80' title='bbox 1155 637 1199 669; x_wconf 89' lang='lat' dir='ltr'><strong>et</strong></span> <span class='ocrx_word' id='word_1_81' title='bbox 1221 627 1460 683; x_wconf 84' lang='lat' dir='ltr'><strong>diligenter</strong></span> <span class='ocrx_word' id='word_1_82' title='bbox 1485 631 1770 685; x_wconf 83' lang='lat' dir='ltr'><strong>investigatis</strong></span> <span class='ocrx_word' id='word_1_83' title='bbox 1798 647 1891 674; x_wconf 90' lang='lat' dir='ltr'><strong>rem</strong></span> <span class='ocrx_word' id='word_1_84' title='bbox 1914 648 2021 675; x_wconf 84' lang='lat' dir='ltr'><strong>suae</strong></span> <span class='ocrx_word' id='word_1_85' title='bbox 2049 634 2373 688; x_wconf 85' lang='lat' dir='ltr'><strong>exspectationi</strong></span> 
     </span>
     <span class='ocr_line' id='line_1_10' title="bbox 178 693 2377 756; baseline -0.001 -13"><span class='ocrx_word' id='word_1_86' title='bbox 178 701 242 743; x_wconf 88' lang='lat' dir='ltr'><strong>ita</strong></span> <span class='ocrx_word' id='word_1_87' title='bbox 271 699 536 754; x_wconf 89' lang='lat' dir='ltr'><strong>respondere</strong></span> <span class='ocrx_word' id='word_1_88' title='bbox 574 696 765 749; x_wconf 87' lang='lat' dir='ltr'><strong>videret,</strong></span> <span class='ocrx_word' id='word_1_89' title='bbox 804 703 852 737; x_wconf 91' lang='lat' dir='ltr'><strong>ut</strong></span> <span class='ocrx_word' id='word_1_90' title='bbox 888 695 1104 737; x_wconf 88' lang='lat' dir='ltr'><strong>sententia</strong></span> <span class='ocrx_word' id='word_1_91' title='bbox 1138 693 1267 737; x_wconf 88' lang='lat' dir='ltr'><strong>fieret</strong></span> <span class='ocrx_word' id='word_1_92' title='bbox 1305 696 1536 752; x_wconf 88' lang='lat' dir='ltr'><strong>perspicua</strong></span> <span class='ocrx_word' id='word_1_93' title='bbox 1580 699 1625 738; x_wconf 90' lang='lat' dir='ltr'><strong>et</strong></span> <span class='ocrx_word' id='word_1_94' title='bbox 1661 694 1839 752; x_wconf 89' lang='lat' dir='ltr'><strong>melior,</strong></span> <span class='ocrx_word' id='word_1_95' title='bbox 1883 707 2011 753; x_wconf 87' lang='lat' dir='ltr'><strong>atque</strong></span> <span class='ocrx_word' id='word_1_96' title='bbox 2048 700 2187 742; x_wconf 90' lang='lat' dir='ltr'><strong>oratio</strong></span> <span class='ocrx_word' id='word_1_97' title='bbox 2231 699 2377 756; x_wconf 84' lang='lat' dir='ltr'><strong>magis</strong></span> 
     </span>
     <span class='ocr_line' id='line_1_11' title="bbox 177 761 2375 822; baseline 0 -13"><span class='ocrx_word' id='word_1_98' title='bbox 177 766 344 820; x_wconf 82' lang='lat' dir='ltr'><strong>latina,</strong></span> <span class='ocrx_word' id='word_1_99' title='bbox 391 766 619 822; x_wconf 85' lang='lat' dir='ltr'><strong>negotium</strong></span> <span class='ocrx_word' id='word_1_100' title='bbox 654 762 846 806; x_wconf 88' lang='lat' dir='ltr'><strong>feliciter</strong></span> <span class='ocrx_word' id='word_1_101' title='bbox 889 761 1134 803; x_wconf 89' lang='lat' dir='ltr'><strong>inchoatum</strong></span> <span class='ocrx_word' id='word_1_102' title='bbox 1169 767 1424 817; x_wconf 89' lang='lat' dir='ltr'><strong>persecutus</strong></span> <span class='ocrx_word' id='word_1_103' title='bbox 1456 770 1524 804; x_wconf 91' lang='lat' dir='ltr'><strong>est</strong></span> <span class='ocrx_word' id='word_1_104' title='bbox 1552 776 1631 818; x_wconf 89' lang='lat' dir='ltr'><strong>per</strong></span> <span class='ocrx_word' id='word_1_105' title='bbox 1660 777 1809 807; x_wconf 89' lang='lat' dir='ltr'><strong>omnes</strong></span> <span class='ocrx_word' id='word_1_106' title='bbox 1839 768 2027 822; x_wconf 90' lang='lat' dir='ltr'><strong>quinque</strong></span> <span class='ocrx_word' id='word_1_107' title='bbox 2056 766 2193 809; x_wconf 92' lang='lat' dir='ltr'><strong>libros</strong></span> <span class='ocrx_word' id='word_1_108' title='bbox 2222 767 2375 809; x_wconf 88' lang='lat' dir='ltr'><strong>carmi-</strong></span> 
     </span>
     <span class='ocr_line' id='line_1_12' title="bbox 177 828 2380 889; baseline 0 -12"><span class='ocrx_word' id='word_1_109' title='bbox 177 848 306 888; x_wconf 83' lang='lat' dir='ltr'><strong>num,</strong></span> <span class='ocrx_word' id='word_1_110' title='bbox 335 843 465 887; x_wconf 90' lang='lat' dir='ltr'><strong>atque</strong></span> <span class='ocrx_word' id='word_1_111' title='bbox 493 841 720 889; x_wconf 80' lang='lat' dir='ltr'><strong>postquam</strong></span> <span class='ocrx_word' id='word_1_112' title='bbox 750 830 826 872; x_wconf 93' lang='lat' dir='ltr'><strong>diu</strong></span> <span class='ocrx_word' id='word_1_113' title='bbox 856 830 1091 872; x_wconf 86' lang='lat' dir='ltr'><strong>editionem</strong></span> <span class='ocrx_word' id='word_1_114' title='bbox 1120 828 1321 882; x_wconf 85' lang='lat' dir='ltr'><strong>distulit,</strong></span> <span class='ocrx_word' id='word_1_115' title='bbox 1359 830 1494 872; x_wconf 90' lang='lat' dir='ltr'><strong>donec</strong></span> <span class='ocrx_word' id='word_1_116' title='bbox 1533 829 1622 872; x_wconf 88' lang='lat' dir='ltr'><strong>sibi</strong></span> <span class='ocrx_word' id='word_1_117' title='bbox 1666 834 1776 873; x_wconf 84' lang='lat' dir='ltr'><strong>satis</strong></span> <span class='ocrx_word' id='word_1_118' title='bbox 1813 846 2072 888; x_wconf 86' lang='lat' dir='ltr'><strong>persuasum</strong></span> <span class='ocrx_word' id='word_1_119' title='bbox 2100 834 2301 886; x_wconf 87' lang='lat' dir='ltr'><strong>haberet,</strong></span> <span class='ocrx_word' id='word_1_120' title='bbox 2332 848 2380 876; x_wconf 87' lang='lat' dir='ltr'><strong>se</strong></span> 
     </span>
     <span class='ocr_line' id='line_1_13' title="bbox 177 896 2380 957; baseline -0.001 -12"><span class='ocrx_word' id='word_1_121' title='bbox 177 903 326 946; x_wconf 90' lang='lat' dir='ltr'><strong>omnia</strong></span> <span class='ocrx_word' id='word_1_122' title='bbox 354 900 455 944; x_wconf 90' lang='lat' dir='ltr'><strong>loca</strong></span> <span class='ocrx_word' id='word_1_123' title='bbox 483 900 676 957; x_wconf 90' lang='lat' dir='ltr'><strong>genuina</strong></span> <span class='ocrx_word' id='word_1_124' title='bbox 703 899 865 940; x_wconf 88' lang='lat' dir='ltr'><strong>intacta</strong></span> <span class='ocrx_word' id='word_1_125' title='bbox 895 896 1161 953; x_wconf 88' lang='lat' dir='ltr'><strong>reliquisse,</strong></span> <span class='ocrx_word' id='word_1_126' title='bbox 1204 898 1350 939; x_wconf 88' lang='lat' dir='ltr'><strong>omnia</strong></span> <span class='ocrx_word' id='word_1_127' title='bbox 1388 896 1636 940; x_wconf 88' lang='lat' dir='ltr'><strong>adulterina</strong></span> <span class='ocrx_word' id='word_1_128' title='bbox 1680 898 2038 955; x_wconf 86' lang='lat' dir='ltr'><strong>deprehendisse,</strong></span> <span class='ocrx_word' id='word_1_129' title='bbox 2076 901 2247 944; x_wconf 84' lang='lat' dir='ltr'><strong>tandem</strong></span> <span class='ocrx_word' id='word_1_130' title='bbox 2288 915 2380 944; x_wconf 89' lang='lat' dir='ltr'><strong>car-</strong></span> 
     </span>
     <span class='ocr_line' id='line_1_14' title="bbox 177 964 2382 1025; baseline 0 -15"><span class='ocrx_word' id='word_1_131' title='bbox 177 971 297 1015; x_wconf 83' lang='lat' dir='ltr'><strong>mina</strong></span> <span class='ocrx_word' id='word_1_132' title='bbox 334 970 399 1009; x_wconf 88' lang='lat' dir='ltr'><strong>ita</strong></span> <span class='ocrx_word' id='word_1_133' title='bbox 444 967 666 1009; x_wconf 85' lang='lat' dir='ltr'><strong>recensita</strong></span> <span class='ocrx_word' id='word_1_134' title='bbox 702 965 863 1006; x_wconf 90' lang='lat' dir='ltr'><strong>additis</strong></span> <span class='ocrx_word' id='word_1_135' title='bbox 907 965 1024 1004; x_wconf 89' lang='lat' dir='ltr'><strong>notis</strong></span> <span class='ocrx_word' id='word_1_136' title='bbox 1075 965 1295 1005; x_wconf 82' lang='lat' dir='ltr'><strong>maximae</strong></span> <span class='ocrx_word' id='word_1_137' title='bbox 1343 964 1565 1005; x_wconf 88' lang='lat' dir='ltr'><strong>doctrinae</strong></span> <span class='ocrx_word' id='word_1_138' title='bbox 1609 978 1659 1005; x_wconf 88' lang='lat' dir='ltr'><strong>ac</strong></span> <span class='ocrx_word' id='word_1_139' title='bbox 1703 968 1985 1022; x_wconf 81' lang='lat' dir='ltr'><strong>sagacitatis,</strong></span> <span class='ocrx_word' id='word_1_140' title='bbox 2030 967 2186 1025; x_wconf 89' lang='lat' dir='ltr'><strong>quibus</strong></span> <span class='ocrx_word' id='word_1_141' title='bbox 2228 981 2382 1010; x_wconf 84' lang='lat' dir='ltr'><strong>causas</strong></span> 
     </span>
     <span class='ocr_line' id='line_1_15' title="bbox 180 1028 2383 1090; baseline -0.001 -13"><span class='ocrx_word' id='word_1_142' title='bbox 180 1036 451 1090; x_wconf 86' lang='lat' dir='ltr'><strong>suspicionis</strong></span> <span class='ocrx_word' id='word_1_143' title='bbox 470 1039 730 1085; x_wconf 86' lang='lat' dir='ltr'><strong>exponeret,</strong></span> <span class='ocrx_word' id='word_1_144' title='bbox 760 1028 961 1072; x_wconf 89' lang='lat' dir='ltr'><strong>Harlemi</strong></span> <span class='ocrx_word' id='word_1_145' title='bbox 991 1044 1030 1071; x_wconf 85' lang='lat' dir='ltr'><strong>a.</strong></span> <span class='ocrx_word' id='word_1_146' title='bbox 1060 1030 1399 1067; x_wconf 77' lang='lat' dir='ltr'><strong>MDCCCXXXW·</strong></span> <span class='ocrx_word' id='word_1_147' title='bbox 1430 1031 1580 1073; x_wconf 88' lang='lat' dir='ltr'><strong>edidit.</strong></span> <span class='ocrx_word' id='word_1_148' title='bbox 1640 1028 1738 1079; x_wconf 85' lang='lat' dir='ltr'><strong>Quo</strong></span> <span class='ocrx_word' id='word_1_149' title='bbox 1761 1031 1863 1087; x_wconf 91' lang='lat' dir='ltr'><strong>plus</strong></span> <span class='ocrx_word' id='word_1_150' title='bbox 1886 1043 2027 1075; x_wconf 87' lang='lat' dir='ltr'><strong>autem</strong></span> <span class='ocrx_word' id='word_1_151' title='bbox 2052 1040 2095 1076; x_wconf 90' lang='lat' dir='ltr'><strong>et</strong></span> <span class='ocrx_word' id='word_1_152' title='bbox 2114 1033 2319 1075; x_wconf 86' lang='lat' dir='ltr'><strong>utilitatis</strong></span> <span class='ocrx_word' id='word_1_153' title='bbox 2340 1043 2383 1075; x_wconf 87' lang='lat' dir='ltr'><strong>et</strong></span> 
     </span>
     <span class='ocr_line' id='line_1_16' title="bbox 178 1095 2382 1157; baseline -0.001 -12"><span class='ocrx_word' id='word_1_154' title='bbox 178 1100 419 1155; x_wconf 82' lang='lat' dir='ltr'><strong>voluptatis</strong></span> <span class='ocrx_word' id='word_1_155' title='bbox 457 1114 516 1142; x_wconf 83' lang='lat' dir='ltr'><strong>ex</strong></span> <span class='ocrx_word' id='word_1_156' title='bbox 553 1097 634 1141; x_wconf 90' lang='lat' dir='ltr'><strong>hoc</strong></span> <span class='ocrx_word' id='word_1_157' title='bbox 670 1111 799 1151; x_wconf 89' lang='lat' dir='ltr'><strong>opere</strong></span> <span class='ocrx_word' id='word_1_158' title='bbox 838 1097 996 1139; x_wconf 89' lang='lat' dir='ltr'><strong>summi</strong></span> <span class='ocrx_word' id='word_1_159' title='bbox 1027 1095 1162 1138; x_wconf 87' lang='lat' dir='ltr'><strong>studii</strong></span> <span class='ocrx_word' id='word_1_160' title='bbox 1191 1105 1320 1154; x_wconf 90' lang='lat' dir='ltr'><strong>atque</strong></span> <span class='ocrx_word' id='word_1_161' title='bbox 1351 1098 1556 1154; x_wconf 82' lang='lat' dir='ltr'><strong>egregiae</strong></span> <span class='ocrx_word' id='word_1_162' title='bbox 1586 1095 1847 1154; x_wconf 85' lang='lat' dir='ltr'><strong>diligentiae</strong></span> <span class='ocrx_word' id='word_1_163' title='bbox 1876 1102 2080 1157; x_wconf 85' lang='lat' dir='ltr'><strong>concepi,</strong></span> <span class='ocrx_word' id='word_1_164' title='bbox 2109 1100 2219 1154; x_wconf 89' lang='lat' dir='ltr'><strong>quod</strong></span> <span class='ocrx_word' id='word_1_165' title='bbox 2257 1109 2382 1157; x_wconf 85' lang='lat' dir='ltr'><strong>grato</strong></span> 
     </span>
     <span class='ocr_line' id='line_1_17' title="bbox 179 1163 2373 1222; baseline -0.001 -12"><span class='ocrx_word' id='word_1_166' title='bbox 179 1171 323 1210; x_wconf 87' lang='lat' dir='ltr'><strong>animo</strong></span> <span class='ocrx_word' id='word_1_167' title='bbox 359 1166 558 1222; x_wconf 90' lang='lat' dir='ltr'><strong>profiteri</strong></span> <span class='ocrx_word' id='word_1_168' title='bbox 599 1164 709 1206; x_wconf 88' lang='lat' dir='ltr'><strong>mihi</strong></span> <span class='ocrx_word' id='word_1_169' title='bbox 743 1163 956 1218; x_wconf 88' lang='lat' dir='ltr'><strong>religioni</strong></span> <span class='ocrx_word' id='word_1_170' title='bbox 999 1172 1090 1215; x_wconf 92' lang='lat' dir='ltr'><strong>est,</strong></span> <span class='ocrx_word' id='word_1_171' title='bbox 1136 1177 1187 1204; x_wconf 93' lang='lat' dir='ltr'><strong>eo</strong></span> <span class='ocrx_word' id='word_1_172' title='bbox 1224 1165 1365 1219; x_wconf 86' lang='lat' dir='ltr'><strong>magis</strong></span> <span class='ocrx_word' id='word_1_173' title='bbox 1405 1163 1548 1213; x_wconf 92' lang='lat' dir='ltr'><strong>dolui,</strong></span> <span class='ocrx_word' id='word_1_174' title='bbox 1593 1177 1691 1204; x_wconf 89' lang='lat' dir='ltr'><strong>eum</strong></span> <span class='ocrx_word' id='word_1_175' title='bbox 1728 1164 1984 1207; x_wconf 85' lang='lat' dir='ltr'><strong>substitisse</strong></span> <span class='ocrx_word' id='word_1_176' title='bbox 2012 1168 2057 1207; x_wconf 90' lang='lat' dir='ltr'><strong>in</strong></span> <span class='ocrx_word' id='word_1_177' title='bbox 2087 1166 2167 1208; x_wconf 93' lang='lat' dir='ltr'><strong>hoc</strong></span> <span class='ocrx_word' id='word_1_178' title='bbox 2197 1168 2373 1221; x_wconf 89' lang='lat' dir='ltr'><strong>negotio</strong></span> 
     </span>
     <span class='ocr_line' id='line_1_18' title="bbox 177 1228 2374 1286; baseline -0.001 -9"><span class='ocrx_word' id='word_1_179' title='bbox 177 1233 461 1284; x_wconf 86' lang='lat' dir='ltr'><strong>facessendo,</strong></span> <span class='ocrx_word' id='word_1_180' title='bbox 498 1244 579 1273; x_wconf 88' lang='lat' dir='ltr'><strong>nec</strong></span> <span class='ocrx_word' id='word_1_181' title='bbox 615 1243 902 1286; x_wconf 87' lang='lat' dir='ltr'><strong>progressum</strong></span> <span class='ocrx_word' id='word_1_182' title='bbox 937 1242 1035 1270; x_wconf 86' lang='lat' dir='ltr'><strong>esse</strong></span> <span class='ocrx_word' id='word_1_183' title='bbox 1073 1228 1128 1270; x_wconf 88' lang='lat' dir='ltr'><strong>ad</strong></span> <span class='ocrx_word' id='word_1_184' title='bbox 1163 1243 1261 1271; x_wconf 90' lang='lat' dir='ltr'><strong>eum</strong></span> <span class='ocrx_word' id='word_1_185' title='bbox 1298 1229 1455 1281; x_wconf 88' lang='lat' dir='ltr'><strong>finem,</strong></span> <span class='ocrx_word' id='word_1_186' title='bbox 1495 1230 1620 1283; x_wconf 84' lang='lat' dir='ltr'><strong>cujus</strong></span> <span class='ocrx_word' id='word_1_187' title='bbox 1657 1230 1797 1281; x_wconf 90' lang='lat' dir='ltr'><strong>ipsius</strong></span> <span class='ocrx_word' id='word_1_188' title='bbox 1837 1245 1968 1273; x_wconf 88' lang='lat' dir='ltr'><strong>causa</strong></span> <span class='ocrx_word' id='word_1_189' title='bbox 1996 1230 2077 1273; x_wconf 91' lang='lat' dir='ltr'><strong>hoc</strong></span> <span class='ocrx_word' id='word_1_190' title='bbox 2115 1246 2238 1274; x_wconf 90' lang='lat' dir='ltr'><strong>omne</strong></span> <span class='ocrx_word' id='word_1_191' title='bbox 2267 1246 2374 1285; x_wconf 87' lang='lat' dir='ltr'><strong>opus</strong></span> 
     </span>
     <span class='ocr_line' id='line_1_19' title="bbox 177 1295 2378 1352; baseline -0 -11"><span class='ocrx_word' id='word_1_192' title='bbox 177 1298 470 1341; x_wconf 82' lang='lat' dir='ltr'><strong>utilissimum</strong></span> <span class='ocrx_word' id='word_1_193' title='bbox 493 1304 766 1349; x_wconf 84' lang='lat' dir='ltr'><strong>susceperat,</strong></span> <span class='ocrx_word' id='word_1_194' title='bbox 794 1296 825 1336; x_wconf 90' lang='lat' dir='ltr'><strong>i.</strong></span> <span class='ocrx_word' id='word_1_195' title='bbox 858 1309 897 1336; x_wconf 91' lang='lat' dir='ltr'><strong>e.</strong></span> <span class='ocrx_word' id='word_1_196' title='bbox 927 1295 981 1335; x_wconf 89' lang='lat' dir='ltr'><strong>ad</strong></span> <span class='ocrx_word' id='word_1_197' title='bbox 1012 1308 1106 1336; x_wconf 91' lang='lat' dir='ltr'><strong>eam</strong></span> <span class='ocrx_word' id='word_1_198' title='bbox 1134 1296 1338 1336; x_wconf 90' lang='lat' dir='ltr'><strong>carminis</strong></span> <span class='ocrx_word' id='word_1_199' title='bbox 1368 1296 1577 1350; x_wconf 81' lang='lat' dir='ltr'><strong>cujusque</strong></span> <span class='ocrx_word' id='word_1_200' title='bbox 1608 1296 1704 1337; x_wconf 90' lang='lat' dir='ltr'><strong>sive</strong></span> <span class='ocrx_word' id='word_1_201' title='bbox 1733 1310 1812 1352; x_wconf 89' lang='lat' dir='ltr'><strong>pro</strong></span> <span class='ocrx_word' id='word_1_202' title='bbox 1834 1299 2022 1352; x_wconf 90' lang='lat' dir='ltr'><strong>genuino</strong></span> <span class='ocrx_word' id='word_1_203' title='bbox 2046 1297 2253 1339; x_wconf 88' lang='lat' dir='ltr'><strong>declarati</strong></span> <span class='ocrx_word' id='word_1_204' title='bbox 2283 1299 2378 1340; x_wconf 78' lang='lat' dir='ltr'><strong>sive</strong></span> 
     </span>
     <span class='ocr_line' id='line_1_20' title="bbox 179 1360 2378 1417; baseline -0.001 -9"><span class='ocrx_word' id='word_1_205' title='bbox 179 1365 397 1408; x_wconf 88' lang='lat' dir='ltr'><strong>emendati</strong></span> <span class='ocrx_word' id='word_1_206' title='bbox 433 1362 629 1404; x_wconf 90' lang='lat' dir='ltr'><strong>indolem</strong></span> <span class='ocrx_word' id='word_1_207' title='bbox 666 1376 716 1403; x_wconf 91' lang='lat' dir='ltr'><strong>ac</strong></span> <span class='ocrx_word' id='word_1_208' title='bbox 752 1369 949 1402; x_wconf 87' lang='lat' dir='ltr'><strong>naturam</strong></span> <span class='ocrx_word' id='word_1_209' title='bbox 990 1360 1280 1402; x_wconf 89' lang='lat' dir='ltr'><strong>definiendam</strong></span> <span class='ocrx_word' id='word_1_210' title='bbox 1309 1360 1383 1401; x_wconf 87' lang='lat' dir='ltr'><strong>vel</strong></span> <span class='ocrx_word' id='word_1_211' title='bbox 1415 1375 1621 1402; x_wconf 89' lang='lat' dir='ltr'><strong>summam</strong></span> <span class='ocrx_word' id='word_1_212' title='bbox 1652 1363 1748 1415; x_wconf 89' lang='lat' dir='ltr'><strong>ejus</strong></span> <span class='ocrx_word' id='word_1_213' title='bbox 1777 1365 2036 1404; x_wconf 84' lang='lat' dir='ltr'><strong>sententiam</strong></span> <span class='ocrx_word' id='word_1_214' title='bbox 2065 1365 2378 1417; x_wconf 82' lang='lat' dir='ltr'><strong>exponendam,</strong></span> 
     </span>
     <span class='ocr_line' id='line_1_21' title="bbox 179 1426 2379 1489; baseline -0 -15"><span class='ocrx_word' id='word_1_215' title='bbox 179 1436 226 1476; x_wconf 91' lang='lat' dir='ltr'><strong>in</strong></span> <span class='ocrx_word' id='word_1_216' title='bbox 256 1445 340 1489; x_wconf 92' lang='lat' dir='ltr'><strong>qua</strong></span> <span class='ocrx_word' id='word_1_217' title='bbox 368 1430 515 1488; x_wconf 87' lang='lat' dir='ltr'><strong>quivis</strong></span> <span class='ocrx_word' id='word_1_218' title='bbox 545 1430 765 1482; x_wconf 88' lang='lat' dir='ltr'><strong>sapienter</strong></span> <span class='ocrx_word' id='word_1_219' title='bbox 794 1440 964 1469; x_wconf 87' lang='lat' dir='ltr'><strong>carmen</strong></span> <span class='ocrx_word' id='word_1_220' title='bbox 993 1426 1147 1483; x_wconf 88' lang='lat' dir='ltr'><strong>legens</strong></span> <span class='ocrx_word' id='word_1_221' title='bbox 1177 1428 1241 1469; x_wconf 89' lang='lat' dir='ltr'><strong>ita</strong></span> <span class='ocrx_word' id='word_1_222' title='bbox 1271 1428 1548 1484; x_wconf 87' lang='lat' dir='ltr'><strong>acquiescere</strong></span> <span class='ocrx_word' id='word_1_223' title='bbox 1576 1429 1735 1484; x_wconf 87' lang='lat' dir='ltr'><strong>possit,</strong></span> <span class='ocrx_word' id='word_1_224' title='bbox 1775 1438 1822 1471; x_wconf 91' lang='lat' dir='ltr'><strong>ut</strong></span> <span class='ocrx_word' id='word_1_225' title='bbox 1851 1443 1935 1471; x_wconf 93' lang='lat' dir='ltr'><strong>non</strong></span> <span class='ocrx_word' id='word_1_226' title='bbox 1965 1429 2152 1486; x_wconf 87' lang='lat' dir='ltr'><strong>amplius</strong></span> <span class='ocrx_word' id='word_1_227' title='bbox 2175 1432 2379 1484; x_wconf 89' lang='lat' dir='ltr'><strong>conqueri</strong></span> 
     </span>
     <span class='ocr_line' id='line_1_22' title="bbox 177 1494 2375 1553; baseline -0.001 -9"><span class='ocrx_word' id='word_1_228' title='bbox 177 1499 337 1544; x_wconf 85' lang='lat' dir='ltr'><strong>debeat</strong></span> <span class='ocrx_word' id='word_1_229' title='bbox 365 1498 420 1540; x_wconf 91' lang='lat' dir='ltr'><strong>de</strong></span> <span class='ocrx_word' id='word_1_230' title='bbox 455 1504 577 1539; x_wconf 92' lang='lat' dir='ltr'><strong>tanta</strong></span> <span class='ocrx_word' id='word_1_231' title='bbox 605 1496 1010 1549; x_wconf 88' lang='lat' dir='ltr'><strong>interpretationum</strong></span> <span class='ocrx_word' id='word_1_232' title='bbox 1040 1495 1348 1552; x_wconf 86' lang='lat' dir='ltr'><strong>discrepantia.</strong></span> <span class='ocrx_word' id='word_1_233' title='bbox 1407 1494 1625 1538; x_wconf 89' lang='lat' dir='ltr'><strong>Nimirum</strong></span> <span class='ocrx_word' id='word_1_234' title='bbox 1664 1497 1813 1539; x_wconf 89' lang='lat' dir='ltr'><strong>omisit</strong></span> <span class='ocrx_word' id='word_1_235' title='bbox 1847 1495 1928 1540; x_wconf 91' lang='lat' dir='ltr'><strong>hoc</strong></span> <span class='ocrx_word' id='word_1_236' title='bbox 1967 1496 2024 1539; x_wconf 86' lang='lat' dir='ltr'><strong>V.</strong></span> <span class='ocrx_word' id='word_1_237' title='bbox 2050 1498 2105 1540; x_wconf 92' lang='lat' dir='ltr'><strong>D.</strong></span> <span class='ocrx_word' id='word_1_238' title='bbox 2135 1507 2375 1553; x_wconf 89' lang='lat' dir='ltr'><strong>propterea,</strong></span> 
     </span>
     <span class='ocr_line' id='line_1_23' title="bbox 179 1564 2376 1623; baseline -0.001 -14"><span class='ocrx_word' id='word_1_239' title='bbox 179 1567 310 1622; x_wconf 88' lang='lat' dir='ltr'><strong>quod,</strong></span> <span class='ocrx_word' id='word_1_240' title='bbox 339 1578 471 1623; x_wconf 91' lang='lat' dir='ltr'><strong>quum</strong></span> <span class='ocrx_word' id='word_1_241' title='bbox 500 1577 670 1605; x_wconf 90' lang='lat' dir='ltr'><strong>omnem</strong></span> <span class='ocrx_word' id='word_1_242' title='bbox 699 1564 795 1618; x_wconf 86' lang='lat' dir='ltr'><strong>ejus</strong></span> <span class='ocrx_word' id='word_1_243' title='bbox 826 1564 1092 1615; x_wconf 88' lang='lat' dir='ltr'><strong>sententiae,</strong></span> <span class='ocrx_word' id='word_1_244' title='bbox 1121 1577 1231 1615; x_wconf 92' lang='lat' dir='ltr'><strong>quae</strong></span> <span class='ocrx_word' id='word_1_245' title='bbox 1260 1577 1286 1604; x_wconf 91' lang='lat' dir='ltr'><strong>a</strong></span> <span class='ocrx_word' id='word_1_246' title='bbox 1314 1572 1443 1618; x_wconf 90' lang='lat' dir='ltr'><strong>poeta</strong></span> <span class='ocrx_word' id='word_1_247' title='bbox 1472 1565 1570 1618; x_wconf 87' lang='lat' dir='ltr'><strong>ipso</strong></span> <span class='ocrx_word' id='word_1_248' title='bbox 1598 1565 1823 1619; x_wconf 89' lang='lat' dir='ltr'><strong>proposita</strong></span> <span class='ocrx_word' id='word_1_249' title='bbox 1844 1565 2030 1621; x_wconf 89' lang='lat' dir='ltr'><strong>cogitari</strong></span> <span class='ocrx_word' id='word_1_250' title='bbox 2065 1567 2223 1621; x_wconf 90' lang='lat' dir='ltr'><strong>possit,</strong></span> <span class='ocrx_word' id='word_1_251' title='bbox 2253 1567 2376 1608; x_wconf 90' lang='lat' dir='ltr'><strong>inve-</strong></span> 
     </span>
     <span class='ocr_line' id='line_1_24' title="bbox 176 1629 2377 1686; baseline -0.001 -10"><span class='ocrx_word' id='word_1_252' title='bbox 176 1634 364 1677; x_wconf 86' lang='lat' dir='ltr'><strong>niendae</strong></span> <span class='ocrx_word' id='word_1_253' title='bbox 382 1629 683 1674; x_wconf 86' lang='lat' dir='ltr'><strong>difficultatem</strong></span> <span class='ocrx_word' id='word_1_254' title='bbox 702 1644 761 1671; x_wconf 88' lang='lat' dir='ltr'><strong>ex</strong></span> <span class='ocrx_word' id='word_1_255' title='bbox 786 1629 1219 1684; x_wconf 88' lang='lat' dir='ltr'><strong>interpolationibus,</strong></span> <span class='ocrx_word' id='word_1_256' title='bbox 1249 1629 1406 1682; x_wconf 89' lang='lat' dir='ltr'><strong>quibus</strong></span> <span class='ocrx_word' id='word_1_257' title='bbox 1426 1632 1614 1671; x_wconf 90' lang='lat' dir='ltr'><strong>carmina</strong></span> <span class='ocrx_word' id='word_1_258' title='bbox 1629 1640 1833 1686; x_wconf 91' lang='lat' dir='ltr'><strong>corrupta</strong></span> <span class='ocrx_word' id='word_1_259' title='bbox 1851 1639 2021 1682; x_wconf 90' lang='lat' dir='ltr'><strong>essent,</strong></span> <span class='ocrx_word' id='word_1_260' title='bbox 2049 1634 2169 1673; x_wconf 87' lang='lat' dir='ltr'><strong>nasci</strong></span> <span class='ocrx_word' id='word_1_261' title='bbox 2194 1641 2377 1685; x_wconf 85' lang='lat' dir='ltr'><strong>putaret,</strong></span> 
     </span>
     <span class='ocr_line' id='line_1_25' title="bbox 179 1694 2380 1756; baseline -0.002 -10"><span class='ocrx_word' id='word_1_262' title='bbox 179 1713 300 1756; x_wconf 80' lang='lat' dir='ltr'><strong>spem</strong></span> <span class='ocrx_word' id='word_1_263' title='bbox 329 1696 477 1743; x_wconf 87' lang='lat' dir='ltr'><strong>subito</strong></span> <span class='ocrx_word' id='word_1_264' title='bbox 507 1697 731 1753; x_wconf 88' lang='lat' dir='ltr'><strong>concepit,</strong></span> <span class='ocrx_word' id='word_1_265' title='bbox 768 1694 887 1749; x_wconf 87' lang='lat' dir='ltr'><strong>fore,</strong></span> <span class='ocrx_word' id='word_1_266' title='bbox 925 1704 997 1749; x_wconf 90' lang='lat' dir='ltr'><strong>ut,</strong></span> <span class='ocrx_word' id='word_1_267' title='bbox 1039 1695 1267 1740; x_wconf 83' lang='lat' dir='ltr'><strong>dummodo</strong></span> <span class='ocrx_word' id='word_1_268' title='bbox 1297 1694 1497 1739; x_wconf 88' lang='lat' dir='ltr'><strong>omnibus</strong></span> <span class='ocrx_word' id='word_1_269' title='bbox 1527 1695 1638 1739; x_wconf 88' lang='lat' dir='ltr'><strong>locis</strong></span> <span class='ocrx_word' id='word_1_270' title='bbox 1669 1695 1929 1740; x_wconf 88' lang='lat' dir='ltr'><strong>adulterinis</strong></span> <span class='ocrx_word' id='word_1_271' title='bbox 1960 1711 2009 1740; x_wconf 91' lang='lat' dir='ltr'><strong>ac</strong></span> <span class='ocrx_word' id='word_1_272' title='bbox 2039 1699 2202 1753; x_wconf 85' lang='lat' dir='ltr'><strong>spuriis</strong></span> <span class='ocrx_word' id='word_1_273' title='bbox 2232 1697 2380 1742; x_wconf 86' lang='lat' dir='ltr'><strong>subla-</strong></span> 
     </span>
     <span class='ocr_line' id='line_1_26' title="bbox 177 1762 2380 1820; baseline -0.001 -10"><span class='ocrx_word' id='word_1_274' title='bbox 177 1770 239 1810; x_wconf 87' lang='lat' dir='ltr'><strong>tis</strong></span> <span class='ocrx_word' id='word_1_275' title='bbox 268 1767 460 1809; x_wconf 88' lang='lat' dir='ltr'><strong>carmina</strong></span> <span class='ocrx_word' id='word_1_276' title='bbox 487 1763 661 1805; x_wconf 86' lang='lat' dir='ltr'><strong>tandem</strong></span> <span class='ocrx_word' id='word_1_277' title='bbox 690 1776 799 1816; x_wconf 88' lang='lat' dir='ltr'><strong>pura</strong></span> <span class='ocrx_word' id='word_1_278' title='bbox 827 1771 955 1815; x_wconf 89' lang='lat' dir='ltr'><strong>atque</strong></span> <span class='ocrx_word' id='word_1_279' title='bbox 985 1764 1176 1818; x_wconf 87' lang='lat' dir='ltr'><strong>genuina</strong></span> <span class='ocrx_word' id='word_1_280' title='bbox 1204 1762 1318 1804; x_wconf 82' lang='lat' dir='ltr'><strong>facta</strong></span> <span class='ocrx_word' id='word_1_281' title='bbox 1346 1763 1537 1816; x_wconf 84' lang='lat' dir='ltr'><strong>fuerint,</strong></span> <span class='ocrx_word' id='word_1_282' title='bbox 1567 1764 1700 1804; x_wconf 90' lang='lat' dir='ltr'><strong>etiam</strong></span> <span class='ocrx_word' id='word_1_283' title='bbox 1729 1765 1945 1805; x_wconf 89' lang='lat' dir='ltr'><strong>sententia</strong></span> <span class='ocrx_word' id='word_1_284' title='bbox 1974 1765 2035 1805; x_wconf 90' lang='lat' dir='ltr'><strong>ita</strong></span> <span class='ocrx_word' id='word_1_285' title='bbox 2064 1763 2257 1807; x_wconf 90' lang='lat' dir='ltr'><strong>dilucida</strong></span> <span class='ocrx_word' id='word_1_286' title='bbox 2285 1765 2380 1820; x_wconf 91' lang='lat' dir='ltr'><strong>fiat,</strong></span> 
     </span>
     <span class='ocr_line' id='line_1_27' title="bbox 183 1828 2381 1889; baseline -0.001 -13"><span class='ocrx_word' id='word_1_287' title='bbox 183 1844 233 1877; x_wconf 88' lang='lat' dir='ltr'><strong>nt</strong></span> <span class='ocrx_word' id='word_1_288' title='bbox 263 1847 342 1889; x_wconf 88' lang='lat' dir='ltr'><strong>per</strong></span> <span class='ocrx_word' id='word_1_289' title='bbox 370 1846 420 1873; x_wconf 90' lang='lat' dir='ltr'><strong>se</strong></span> <span class='ocrx_word' id='word_1_290' title='bbox 448 1839 568 1873; x_wconf 88' lang='lat' dir='ltr'><strong>recte</strong></span> <span class='ocrx_word' id='word_1_291' title='bbox 597 1829 797 1885; x_wconf 90' lang='lat' dir='ltr'><strong>intelligi</strong></span> <span class='ocrx_word' id='word_1_292' title='bbox 827 1838 870 1870; x_wconf 93' lang='lat' dir='ltr'><strong>et</strong></span> <span class='ocrx_word' id='word_1_293' title='bbox 897 1831 1040 1881; x_wconf 82' lang='lat' dir='ltr'><strong>possit</strong></span> <span class='ocrx_word' id='word_1_294' title='bbox 1068 1838 1111 1870; x_wconf 93' lang='lat' dir='ltr'><strong>et</strong></span> <span class='ocrx_word' id='word_1_295' title='bbox 1146 1828 1316 1870; x_wconf 90' lang='lat' dir='ltr'><strong>debeat.</strong></span> <span class='ocrx_word' id='word_1_296' title='bbox 1374 1829 1524 1881; x_wconf 82' lang='lat' dir='ltr'><strong>ltaque</strong></span> <span class='ocrx_word' id='word_1_297' title='bbox 1554 1829 1785 1871; x_wconf 87' lang='lat' dir='ltr'><strong>Horatium</strong></span> <span class='ocrx_word' id='word_1_298' title='bbox 1815 1831 2042 1871; x_wconf 85' lang='lat' dir='ltr'><strong>emendare</strong></span> <span class='ocrx_word' id='word_1_299' title='bbox 2077 1831 2230 1873; x_wconf 90' lang='lat' dir='ltr'><strong>maluit</strong></span> <span class='ocrx_word' id='word_1_300' title='bbox 2257 1846 2381 1885; x_wconf 86' lang='lat' dir='ltr'><strong>quam</strong></span> 
     </span>
     <span class='ocr_line' id='line_1_28' title="bbox 182 1895 2377 1957; baseline -0 -14"><span class='ocrx_word' id='word_1_301' title='bbox 182 1899 363 1957; x_wconf 83' lang='lat' dir='ltr'><strong>vulgari</strong></span> <span class='ocrx_word' id='word_1_302' title='bbox 403 1898 532 1941; x_wconf 91' lang='lat' dir='ltr'><strong>modo</strong></span> <span class='ocrx_word' id='word_1_303' title='bbox 568 1895 821 1953; x_wconf 86' lang='lat' dir='ltr'><strong>explicare,</strong></span> <span class='ocrx_word' id='word_1_304' title='bbox 866 1897 1025 1952; x_wconf 83' lang='lat' dir='ltr'><strong>quippe</strong></span> <span class='ocrx_word' id='word_1_305' title='bbox 1062 1910 1146 1952; x_wconf 91' lang='lat' dir='ltr'><strong>qua</strong></span> <span class='ocrx_word' id='word_1_306' title='bbox 1190 1895 1488 1951; x_wconf 82' lang='lat' dir='ltr'><strong>explicatione</strong></span> <span class='ocrx_word' id='word_1_307' title='bbox 1528 1897 1779 1940; x_wconf 88' lang='lat' dir='ltr'><strong>emendatus</strong></span> <span class='ocrx_word' id='word_1_308' title='bbox 1823 1897 2034 1940; x_wconf 84' lang='lat' dir='ltr'><strong>Horatius</strong></span> <span class='ocrx_word' id='word_1_309' title='bbox 2072 1911 2156 1939; x_wconf 90' lang='lat' dir='ltr'><strong>non</strong></span> <span class='ocrx_word' id='word_1_310' title='bbox 2193 1899 2377 1952; x_wconf 88' lang='lat' dir='ltr'><strong>amplius</strong></span> 
     </span>
     <span class='ocr_line' id='line_1_29' title="bbox 179 1961 2379 2024; baseline -0 -15"><span class='ocrx_word' id='word_1_311' title='bbox 179 1975 325 2024; x_wconf 89' lang='lat' dir='ltr'><strong>egeat.</strong></span> <span class='ocrx_word' id='word_1_312' title='bbox 384 1962 515 2015; x_wconf 85' lang='lat' dir='ltr'><strong>Quod</strong></span> <span class='ocrx_word' id='word_1_313' title='bbox 543 1978 619 2006; x_wconf 89' lang='lat' dir='ltr'><strong>cnr</strong></span> <span class='ocrx_word' id='word_1_314' title='bbox 648 1965 714 2005; x_wconf 89' lang='lat' dir='ltr'><strong>ita</strong></span> <span class='ocrx_word' id='word_1_315' title='bbox 747 1963 1038 2017; x_wconf 84' lang='lat' dir='ltr'><strong>judicaverit,</strong></span> <span class='ocrx_word' id='word_1_316' title='bbox 1066 1961 1136 2004; x_wconf 91' lang='lat' dir='ltr'><strong>his</strong></span> <span class='ocrx_word' id='word_1_317' title='bbox 1171 1962 1320 2005; x_wconf 85' lang='lat' dir='ltr'><strong>verbis</strong></span> <span class='ocrx_word' id='word_1_318' title='bbox 1359 1977 1457 2019; x_wconf 86' lang='lat' dir='ltr'><strong>pag.</strong></span> <span class='ocrx_word' id='word_1_319' title='bbox 1492 1962 1654 2005; x_wconf 89' lang='lat' dir='ltr'><strong>XXIV</strong></span> <span class='ocrx_word' id='word_1_320' title='bbox 1682 1965 1890 2019; x_wconf 88' lang='lat' dir='ltr'><strong>exponit:</strong></span> <span class='ocrx_word' id='word_1_321' title='bbox 1928 1963 2012 2016; x_wconf 88' lang='lat' dir='ltr'><strong>„Si</strong></span> <span class='ocrx_word' id='word_1_322' title='bbox 2046 1963 2255 2008; x_wconf 86' lang='lat' dir='ltr'><strong>Horatius</strong></span> <span class='ocrx_word' id='word_1_323' title='bbox 2292 1974 2379 2009; x_wconf 88' lang='lat' dir='ltr'><strong>tam</strong></span> 
     </span>
     <span class='ocr_line' id='line_1_30' title="bbox 177 2028 2378 2086; baseline -0 -10"><span class='ocrx_word' id='word_1_324' title='bbox 177 2033 363 2076; x_wconf 89' lang='lat' dir='ltr'><strong>obscure</strong></span> <span class='ocrx_word' id='word_1_325' title='bbox 394 2040 439 2073; x_wconf 90' lang='lat' dir='ltr'><strong>et</strong></span> <span class='ocrx_word' id='word_1_326' title='bbox 468 2029 747 2086; x_wconf 89' lang='lat' dir='ltr'><strong>negligenter</strong></span> <span class='ocrx_word' id='word_1_327' title='bbox 775 2030 976 2084; x_wconf 87' lang='lat' dir='ltr'><strong>scripsit,</strong></span> <span class='ocrx_word' id='word_1_328' title='bbox 1006 2033 1054 2069; x_wconf 88' lang='lat' dir='ltr'><strong>ut</strong></span> <span class='ocrx_word' id='word_1_329' title='bbox 1083 2030 1252 2070; x_wconf 90' lang='lat' dir='ltr'><strong>centeni</strong></span> <span class='ocrx_word' id='word_1_330' title='bbox 1282 2028 1477 2071; x_wconf 89' lang='lat' dir='ltr'><strong>homines</strong></span> <span class='ocrx_word' id='word_1_331' title='bbox 1508 2031 1668 2071; x_wconf 88' lang='lat' dir='ltr'><strong>eruditi</strong></span> <span class='ocrx_word' id='word_1_332' title='bbox 1698 2032 1957 2072; x_wconf 89' lang='lat' dir='ltr'><strong>sententiam</strong></span> <span class='ocrx_word' id='word_1_333' title='bbox 1986 2031 2187 2073; x_wconf 89' lang='lat' dir='ltr'><strong>carminis</strong></span> <span class='ocrx_word' id='word_1_334' title='bbox 2217 2040 2260 2074; x_wconf 91' lang='lat' dir='ltr'><strong>et</strong></span> <span class='ocrx_word' id='word_1_335' title='bbox 2288 2034 2378 2076; x_wconf 90' lang='lat' dir='ltr'><strong>sin-</strong></span> 
     </span>
     <span class='ocr_line' id='line_1_31' title="bbox 183 2094 2195 2158; baseline -0.001 -15"><span class='ocrx_word' id='word_1_336' title='bbox 183 2099 388 2158; x_wconf 85' lang='lat' dir='ltr'><strong>gulorum</strong></span> <span class='ocrx_word' id='word_1_337' title='bbox 416 2111 626 2141; x_wconf 86' lang='lat' dir='ltr'><strong>versuum</strong></span> <span class='ocrx_word' id='word_1_338' title='bbox 662 2094 951 2151; x_wconf 90' lang='lat' dir='ltr'><strong>probabiliter</strong></span> <span class='ocrx_word' id='word_1_339' title='bbox 989 2094 1215 2151; x_wconf 81' lang='lat' dir='ltr'><strong>explicare</strong></span> <span class='ocrx_word' id='word_1_340' title='bbox 1243 2108 1329 2137; x_wconf 92' lang='lat' dir='ltr'><strong>non</strong></span> <span class='ocrx_word' id='word_1_341' title='bbox 1366 2098 1608 2150; x_wconf 86' lang='lat' dir='ltr'><strong>potuerint,</strong></span> <span class='ocrx_word' id='word_1_342' title='bbox 1647 2096 1740 2154; x_wconf 85' lang='lat' dir='ltr'><strong>legi</strong></span> <span class='ocrx_word' id='word_1_343' title='bbox 1777 2111 1864 2140; x_wconf 91' lang='lat' dir='ltr'><strong>non</strong></span> <span class='ocrx_word' id='word_1_344' title='bbox 1893 2097 2051 2153; x_wconf 87' lang='lat' dir='ltr'><strong>dignus</strong></span> <span class='ocrx_word' id='word_1_345' title='bbox 2081 2101 2195 2140; x_wconf 88' lang='lat' dir='ltr'><strong>est.“</strong></span> 
     </span>
    </p>

    <p class='ocr_par' dir='ltr' id='par_1_4' title="bbox 180 2161 2380 2357">
     <span class='ocr_line' id='line_1_32' title="bbox 291 2161 2375 2222; baseline 0.002 -15"><span class='ocrx_word' id='word_1_346' title='bbox 291 2166 377 2208; x_wconf 87' lang='lat' dir='ltr'><strong>Sed</strong></span> <span class='ocrx_word' id='word_1_347' title='bbox 405 2177 684 2222; x_wconf 88' lang='lat' dir='ltr'><strong>quamquam,</strong></span> <span class='ocrx_word' id='word_1_348' title='bbox 723 2163 839 2220; x_wconf 89' lang='lat' dir='ltr'><strong>quod</strong></span> <span class='ocrx_word' id='word_1_349' title='bbox 867 2161 952 2205; x_wconf 88' lang='lat' dir='ltr'><strong>illa</strong></span> <span class='ocrx_word' id='word_1_350' title='bbox 980 2161 1259 2205; x_wconf 89' lang='lat' dir='ltr'><strong>conclusione</strong></span> <span class='ocrx_word' id='word_1_351' title='bbox 1295 2163 1409 2205; x_wconf 86' lang='lat' dir='ltr'><strong>facta</strong></span> <span class='ocrx_word' id='word_1_352' title='bbox 1448 2163 1657 2207; x_wconf 90' lang='lat' dir='ltr'><strong>deductus</strong></span> <span class='ocrx_word' id='word_1_353' title='bbox 1694 2172 1763 2207; x_wconf 90' lang='lat' dir='ltr'><strong>est</strong></span> <span class='ocrx_word' id='word_1_354' title='bbox 1796 2163 1852 2211; x_wconf 84' lang='lat' dir='ltr'><strong>ad</strong></span> <span class='ocrx_word' id='word_1_355' title='bbox 1887 2165 2037 2219; x_wconf 89' lang='lat' dir='ltr'><strong>spuria</strong></span> <span class='ocrx_word' id='word_1_356' title='bbox 2071 2163 2166 2207; x_wconf 90' lang='lat' dir='ltr'><strong>loca</strong></span> <span class='ocrx_word' id='word_1_357' title='bbox 2193 2168 2375 2211; x_wconf 88' lang='lat' dir='ltr'><strong>investi-</strong></span> 
     </span>
     <span class='ocr_line' id='line_1_33' title="bbox 183 2230 2379 2291; baseline 0.001 -15"><span class='ocrx_word' id='word_1_358' title='bbox 183 2233 346 2291; x_wconf 88' lang='lat' dir='ltr'><strong>ganda,</strong></span> <span class='ocrx_word' id='word_1_359' title='bbox 382 2232 666 2274; x_wconf 84' lang='lat' dir='ltr'><strong>vehementer</strong></span> <span class='ocrx_word' id='word_1_360' title='bbox 695 2231 842 2286; x_wconf 83' lang='lat' dir='ltr'><strong>gavisi</strong></span> <span class='ocrx_word' id='word_1_361' title='bbox 882 2244 1057 2280; x_wconf 82' lang='lat' dir='ltr'><strong>sumus,</strong></span> <span class='ocrx_word' id='word_1_362' title='bbox 1094 2238 1234 2271; x_wconf 84' lang='lat' dir='ltr'><strong>tamen</strong></span> <span class='ocrx_word' id='word_1_363' title='bbox 1270 2243 1355 2270; x_wconf 88' lang='lat' dir='ltr'><strong>non</strong></span> <span class='ocrx_word' id='word_1_364' title='bbox 1383 2232 1600 2283; x_wconf 86' lang='lat' dir='ltr'><strong>potuimus</strong></span> <span class='ocrx_word' id='word_1_365' title='bbox 1638 2245 1724 2273; x_wconf 90' lang='lat' dir='ltr'><strong>non</strong></span> <span class='ocrx_word' id='word_1_366' title='bbox 1762 2230 1934 2282; x_wconf 90' lang='lat' dir='ltr'><strong>dolere,</strong></span> <span class='ocrx_word' id='word_1_367' title='bbox 1972 2231 2084 2282; x_wconf 87' lang='lat' dir='ltr'><strong>quod</strong></span> <span class='ocrx_word' id='word_1_368' title='bbox 2121 2234 2259 2275; x_wconf 85' lang='lat' dir='ltr'><strong>nimia</strong></span> <span class='ocrx_word' id='word_1_369' title='bbox 2296 2234 2379 2279; x_wconf 86' lang='lat' dir='ltr'><strong>illa</strong></span> 
     </span>
     <span class='ocr_line' id='line_1_34' title="bbox 180 2295 2380 2357; baseline 0 -14"><span class='ocrx_word' id='word_1_370' title='bbox 180 2301 263 2343; x_wconf 87' lang='lat' dir='ltr'><strong>illa</strong></span> <span class='ocrx_word' id='word_1_371' title='bbox 299 2299 464 2342; x_wconf 86' lang='lat' dir='ltr'><strong>fiducia</strong></span> <span class='ocrx_word' id='word_1_372' title='bbox 505 2308 550 2340; x_wconf 91' lang='lat' dir='ltr'><strong>et</strong></span> <span class='ocrx_word' id='word_1_373' title='bbox 584 2299 631 2339; x_wconf 92' lang='lat' dir='ltr'><strong>in</strong></span> <span class='ocrx_word' id='word_1_374' title='bbox 666 2296 851 2339; x_wconf 86' lang='lat' dir='ltr'><strong>Horatio</strong></span> <span class='ocrx_word' id='word_1_375' title='bbox 889 2295 1085 2339; x_wconf 88' lang='lat' dir='ltr'><strong>dilucide</strong></span> <span class='ocrx_word' id='word_1_376' title='bbox 1122 2295 1365 2349; x_wconf 86' lang='lat' dir='ltr'><strong>scribente,</strong></span> <span class='ocrx_word' id='word_1_377' title='bbox 1408 2307 1452 2339; x_wconf 93' lang='lat' dir='ltr'><strong>et</strong></span> <span class='ocrx_word' id='word_1_378' title='bbox 1494 2299 1540 2339; x_wconf 92' lang='lat' dir='ltr'><strong>in</strong></span> <span class='ocrx_word' id='word_1_379' title='bbox 1584 2297 1893 2352; x_wconf 82' lang='lat' dir='ltr'><strong>interpretibus</strong></span> <span class='ocrx_word' id='word_1_380' title='bbox 1937 2296 2201 2342; x_wconf 87' lang='lat' dir='ltr'><strong>doctissimis</strong></span> <span class='ocrx_word' id='word_1_381' title='bbox 2235 2305 2380 2357; x_wconf 84' lang='lat' dir='ltr'><strong>posita</strong></span> 
     </span>
    </p>
   </div>
   <div class='ocr_carea' id='block_1_4' title="bbox 179 2509 2381 2952">
    <p class='ocr_par' dir='ltr' id='par_1_5' title="bbox 179 2509 2381 2952">
     <span class='ocr_line' id='line_1_35' title="bbox 180 2509 2379 2562; baseline 0.002 -15"><span class='ocrx_word' id='word_1_382' title='bbox 180 2521 257 2558; x_wconf 61' lang='lat' dir='ltr'><strong>est,</strong></span> <span class='ocrx_word' id='word_1_383' title='bbox 281 2512 418 2559; x_wconf 84' lang='lat' dir='ltr'><strong>quietis</strong></span> <span class='ocrx_word' id='word_1_384' title='bbox 441 2521 554 2546; x_wconf 86' lang='lat' dir='ltr'><strong>causa</strong></span> <span class='ocrx_word' id='word_1_385' title='bbox 575 2514 705 2545; x_wconf 89' lang='lat' dir='ltr'><strong>tantae</strong></span> <span class='ocrx_word' id='word_1_386' title='bbox 727 2510 923 2545; x_wconf 87' lang='lat' dir='ltr'><strong>socordiae</strong></span> <span class='ocrx_word' id='word_1_387' title='bbox 946 2521 986 2545; x_wconf 89' lang='lat' dir='ltr'><strong>se</strong></span> <span class='ocrx_word' id='word_1_388' title='bbox 1010 2509 1120 2552; x_wconf 85' lang='lat' dir='ltr'><strong>dare,</strong></span> <span class='ocrx_word' id='word_1_389' title='bbox 1144 2513 1186 2544; x_wconf 87' lang='lat' dir='ltr'><strong>ut</strong></span> <span class='ocrx_word' id='word_1_390' title='bbox 1208 2511 1350 2546; x_wconf 88' lang='lat' dir='ltr'><strong>nescire</strong></span> <span class='ocrx_word' id='word_1_391' title='bbox 1375 2510 1490 2553; x_wconf 86' lang='lat' dir='ltr'><strong>velis,</strong></span> <span class='ocrx_word' id='word_1_392' title='bbox 1514 2511 1644 2556; x_wconf 86' lang='lat' dir='ltr'><strong>quibus</strong></span> <span class='ocrx_word' id='word_1_393' title='bbox 1666 2512 1843 2553; x_wconf 87' lang='lat' dir='ltr'><strong>incertis,</strong></span> <span class='ocrx_word' id='word_1_394' title='bbox 1866 2509 2086 2555; x_wconf 85' lang='lat' dir='ltr'><strong>putrefactis</strong></span> <span class='ocrx_word' id='word_1_395' title='bbox 2108 2510 2379 2562; x_wconf 79' lang='lat' dir='ltr'><strong>fragilibusque</strong></span> 
     </span>
     <span class='ocr_line' id='line_1_36' title="bbox 180 2565 2379 2615; baseline -0.002 -9"><span class='ocrx_word' id='word_1_396' title='bbox 180 2569 430 2607; x_wconf 71' lang='lat' dir='ltr'><strong>fundamentis</strong></span> <span class='ocrx_word' id='word_1_397' title='bbox 452 2566 624 2601; x_wconf 68' lang='lat' dir='ltr'><strong>insistas‘!</strong></span> <span class='ocrx_word' id='word_1_398' title='bbox 669 2566 746 2600; x_wconf 85' lang='lat' dir='ltr'><strong>Fac</strong></span> <span class='ocrx_word' id='word_1_399' title='bbox 770 2570 916 2607; x_wconf 88' lang='lat' dir='ltr'><strong>autem,</strong></span> <span class='ocrx_word' id='word_1_400' title='bbox 939 2565 1242 2611; x_wconf 83' lang='lat' dir='ltr'><strong>quemadmodum</strong></span> <span class='ocrx_word' id='word_1_401' title='bbox 1265 2566 1302 2599; x_wconf 89' lang='lat' dir='ltr'><strong>id</strong></span> <span class='ocrx_word' id='word_1_402' title='bbox 1321 2567 1398 2612; x_wconf 89' lang='lat' dir='ltr'><strong>jam</strong></span> <span class='ocrx_word' id='word_1_403' title='bbox 1423 2567 1461 2600; x_wconf 91' lang='lat' dir='ltr'><strong>in</strong></span> <span class='ocrx_word' id='word_1_404' title='bbox 1484 2567 1612 2602; x_wconf 89' lang='lat' dir='ltr'><strong>multis</strong></span> <span class='ocrx_word' id='word_1_405' title='bbox 1636 2567 1723 2603; x_wconf 83' lang='lat' dir='ltr'><strong>aliis</strong></span> <span class='ocrx_word' id='word_1_406' title='bbox 1746 2566 1918 2614; x_wconf 86' lang='lat' dir='ltr'><strong>operibus</strong></span> <span class='ocrx_word' id='word_1_407' title='bbox 1952 2565 2012 2600; x_wconf 87' lang='lat' dir='ltr'><strong>vel</strong></span> <span class='ocrx_word' id='word_1_408' title='bbox 2039 2576 2190 2612; x_wconf 87' lang='lat' dir='ltr'><strong>operum</strong></span> <span class='ocrx_word' id='word_1_409' title='bbox 2214 2572 2379 2615; x_wconf 63' lang='lat' dir='ltr'><strong>partibug</strong></span> 
     </span>
     <span class='ocr_line' id='line_1_37' title="bbox 180 2621 2381 2668; baseline 0.001 -7"><span class='ocrx_word' id='word_1_410' title='bbox 180 2626 427 2663; x_wconf 86' lang='lat' dir='ltr'><strong>demonstrari</strong></span> <span class='ocrx_word' id='word_1_411' title='bbox 450 2624 595 2667; x_wconf 89' lang='lat' dir='ltr'><strong>potuit,</strong></span> <span class='ocrx_word' id='word_1_412' title='bbox 628 2624 740 2656; x_wconf 79' lang='lat' dir='ltr'><strong>etiam</strong></span> <span class='ocrx_word' id='word_1_413' title='bbox 763 2621 825 2656; x_wconf 89' lang='lat' dir='ltr'><strong>hic</strong></span> <span class='ocrx_word' id='word_1_414' title='bbox 849 2622 1048 2666; x_wconf 86' lang='lat' dir='ltr'><strong>aliquando</strong></span> <span class='ocrx_word' id='word_1_415' title='bbox 1078 2632 1156 2657; x_wconf 82' lang='lat' dir='ltr'><strong>rem</strong></span> <span class='ocrx_word' id='word_1_416' title='bbox 1187 2632 1233 2656; x_wconf 89' lang='lat' dir='ltr'><strong>eo</strong></span> <span class='ocrx_word' id='word_1_417' title='bbox 1267 2632 1372 2667; x_wconf 89' lang='lat' dir='ltr'><strong>posse</strong></span> <span class='ocrx_word' id='word_1_418' title='bbox 1407 2624 1559 2666; x_wconf 88' lang='lat' dir='ltr'><strong>deduci,</strong></span> <span class='ocrx_word' id='word_1_419' title='bbox 1595 2629 1637 2658; x_wconf 89' lang='lat' dir='ltr'><strong>ut</strong></span> <span class='ocrx_word' id='word_1_420' title='bbox 1669 2624 1715 2658; x_wconf 87' lang='lat' dir='ltr'><strong>de</strong></span> <span class='ocrx_word' id='word_1_421' title='bbox 1745 2623 1880 2668; x_wconf 86' lang='lat' dir='ltr'><strong>spuriis</strong></span> <span class='ocrx_word' id='word_1_422' title='bbox 1913 2621 2008 2656; x_wconf 89' lang='lat' dir='ltr'><strong>locis</strong></span> <span class='ocrx_word' id='word_1_423' title='bbox 2040 2623 2381 2668; x_wconf 85' lang='lat' dir='ltr'><strong>interjectis-nulla</strong></span> 
     </span>
     <span class='ocr_line' id='line_1_38' title="bbox 180 2675 2380 2728; baseline 0.001 -11"><span class='ocrx_word' id='word_1_424' title='bbox 180 2681 362 2718; x_wconf 82' lang='lat' dir='ltr'><strong>dubitatio</strong></span> <span class='ocrx_word' id='word_1_425' title='bbox 393 2678 646 2724; x_wconf 81' lang='lat' dir='ltr'><strong>relinquatur,</strong></span> <span class='ocrx_word' id='word_1_426' title='bbox 686 2686 804 2713; x_wconf 83' lang='lat' dir='ltr'><strong>nonne</strong></span> <span class='ocrx_word' id='word_1_427' title='bbox 834 2677 897 2713; x_wconf 78' lang='lat' dir='ltr'><strong>vel</strong></span> <span class='ocrx_word' id='word_1_428' title='bbox 927 2675 1081 2712; x_wconf 89' lang='lat' dir='ltr'><strong>dimidia</strong></span> <span class='ocrx_word' id='word_1_429' title='bbox 1114 2688 1201 2723; x_wconf 85' lang='lat' dir='ltr'><strong>pars</strong></span> <span class='ocrx_word' id='word_1_430' title='bbox 1233 2680 1435 2713; x_wconf 83' lang='lat' dir='ltr'><strong>carminum</strong></span> <span class='ocrx_word' id='word_1_431' title='bbox 1473 2689 1564 2724; x_wconf 88' lang='lat' dir='ltr'><strong>puro</strong></span> <span class='ocrx_word' id='word_1_432' title='bbox 1588 2689 1757 2714; x_wconf 85' lang='lat' dir='ltr'><strong>sermone</strong></span> <span class='ocrx_word' id='word_1_433' title='bbox 1788 2677 1931 2720; x_wconf 89' lang='lat' dir='ltr'><strong>latino,</strong></span> <span class='ocrx_word' id='word_1_434' title='bbox 1969 2676 2145 2713; x_wconf 88' lang='lat' dir='ltr'><strong>dictionis</strong></span> <span class='ocrx_word' id='word_1_435' title='bbox 2178 2680 2380 2728; x_wconf 79' lang='lat' dir='ltr'><strong>elegantia,</strong></span> 
     </span>
     <span class='ocr_line' id='line_1_39' title="bbox 179 2731 2379 2785; baseline 0.001 -15"><span class='ocrx_word' id='word_1_436' title='bbox 179 2737 446 2773; x_wconf 71' lang='lat' dir='ltr'><strong>sententiarum</strong></span> <span class='ocrx_word' id='word_1_437' title='bbox 478 2734 685 2778; x_wconf 84' lang='lat' dir='ltr'><strong>dignitate,</strong></span> <span class='ocrx_word' id='word_1_438' title='bbox 723 2734 1011 2777; x_wconf 89' lang='lat' dir='ltr'><strong>perspicuitate,</strong></span> <span class='ocrx_word' id='word_1_439' title='bbox 1054 2736 1245 2768; x_wconf 79' lang='lat' dir='ltr'><strong>venustate</strong></span> <span class='ocrx_word' id='word_1_440' title='bbox 1278 2731 1480 2778; x_wconf 80' lang='lat' dir='ltr'><strong>insignium</strong></span> <span class='ocrx_word' id='word_1_441' title='bbox 1513 2734 1629 2779; x_wconf 90' lang='lat' dir='ltr'><strong>pluris</strong></span> <span class='ocrx_word' id='word_1_442' title='bbox 1659 2733 1834 2769; x_wconf 81' lang='lat' dir='ltr'><strong>facienda</strong></span> <span class='ocrx_word' id='word_1_443' title='bbox 1864 2732 1956 2774; x_wconf 87' lang='lat' dir='ltr'><strong>erit,</strong></span> <span class='ocrx_word' id='word_1_444' title='bbox 1988 2743 2095 2777; x_wconf 87' lang='lat' dir='ltr'><strong>quam</strong></span> <span class='ocrx_word' id='word_1_445' title='bbox 2128 2737 2237 2780; x_wconf 87' lang='lat' dir='ltr'><strong>copia</strong></span> <span class='ocrx_word' id='word_1_446' title='bbox 2268 2737 2379 2785; x_wconf 89' lang='lat' dir='ltr'><strong>duplo</strong></span> 
     </span>
     <span class='ocr_line' id='line_1_40' title="bbox 179 2787 2379 2838; baseline 0.001 -10"><span class='ocrx_word' id='word_1_447' title='bbox 179 2793 301 2838; x_wconf 78' lang='lat' dir='ltr'><strong>major</strong></span> <span class='ocrx_word' id='word_1_448' title='bbox 332 2791 537 2825; x_wconf 86' lang='lat' dir='ltr'><strong>carminum</strong></span> <span class='ocrx_word' id='word_1_449' title='bbox 557 2788 764 2823; x_wconf 87' lang='lat' dir='ltr'><strong>latinitatis</strong></span> <span class='ocrx_word' id='word_1_450' title='bbox 795 2788 988 2830; x_wconf 81' lang='lat' dir='ltr'><strong>barbarie,</strong></span> <span class='ocrx_word' id='word_1_451' title='bbox 1019 2788 1195 2823; x_wconf 88' lang='lat' dir='ltr'><strong>dictionis</strong></span> <span class='ocrx_word' id='word_1_452' title='bbox 1225 2790 1539 2832; x_wconf 88' lang='lat' dir='ltr'><strong>inconcinnitate,</strong></span> <span class='ocrx_word' id='word_1_453' title='bbox 1578 2790 1846 2825; x_wconf 87' lang='lat' dir='ltr'><strong>sententiarum</strong></span> <span class='ocrx_word' id='word_1_454' title='bbox 1876 2787 2108 2831; x_wconf 87' lang='lat' dir='ltr'><strong>humilitate,</strong></span> <span class='ocrx_word' id='word_1_455' title='bbox 2141 2791 2379 2837; x_wconf 86' lang='lat' dir='ltr'><strong>obscuritate,</strong></span> 
     </span>
     <span class='ocr_line' id='line_1_41' title="bbox 179 2842 2380 2896; baseline 0 -11"><span class='ocrx_word' id='word_1_456' title='bbox 179 2846 428 2896; x_wconf 64' lang='lat' dir='ltr'><strong>perversitate</strong></span> <span class='ocrx_word' id='word_1_457' title='bbox 469 2842 772 2892; x_wconf 63' lang='lat' dir='ltr'><strong>inquinatorum!</strong></span> <span class='ocrx_word' id='word_1_458' title='bbox 817 2843 957 2880; x_wconf 88' lang='lat' dir='ltr'><strong>Nostra</strong></span> <span class='ocrx_word' id='word_1_459' title='bbox 998 2845 1095 2879; x_wconf 89' lang='lat' dir='ltr'><strong>enim</strong></span> <span class='ocrx_word' id='word_1_460' title='bbox 1128 2843 1328 2891; x_wconf 89' lang='lat' dir='ltr'><strong>plurimum</strong></span> <span class='ocrx_word' id='word_1_461' title='bbox 1360 2846 1539 2882; x_wconf 87' lang='lat' dir='ltr'><strong>interesse</strong></span> <span class='ocrx_word' id='word_1_462' title='bbox 1571 2845 1704 2890; x_wconf 80' lang='lat' dir='ltr'><strong>debet,</strong></span> <span class='ocrx_word' id='word_1_463' title='bbox 1744 2848 1786 2880; x_wconf 89' lang='lat' dir='ltr'><strong>ut</strong></span> <span class='ocrx_word' id='word_1_464' title='bbox 1819 2846 1993 2880; x_wconf 89' lang='lat' dir='ltr'><strong>auctores</strong></span> <span class='ocrx_word' id='word_1_465' title='bbox 2016 2848 2159 2882; x_wconf 77' lang='lat' dir='ltr'><strong>veteres</strong></span> <span class='ocrx_word' id='word_1_466' title='bbox 2182 2845 2380 2887; x_wconf 83' lang='lat' dir='ltr'><strong>habeamus</strong></span> 
     </span>
     <span class='ocr_line' id='line_1_42' title="bbox 179 2900 2245 2952; baseline -0.001 -11"><span class='ocrx_word' id='word_1_467' title='bbox 179 2906 417 2952; x_wconf 83' lang='lat' dir='ltr'><strong>purissimos,</strong></span> <span class='ocrx_word' id='word_1_468' title='bbox 450 2913 497 2938; x_wconf 81' lang='lat' dir='ltr'><strong>ne</strong></span> <span class='ocrx_word' id='word_1_469' title='bbox 529 2912 597 2948; x_wconf 88' lang='lat' dir='ltr'><strong>pro</strong></span> <span class='ocrx_word' id='word_1_470' title='bbox 621 2902 720 2947; x_wconf 86' lang='lat' dir='ltr'><strong>aptis</strong></span> <span class='ocrx_word' id='word_1_471' title='bbox 741 2902 892 2947; x_wconf 83' lang='lat' dir='ltr'><strong>inepta,</strong></span> <span class='ocrx_word' id='word_1_472' title='bbox 925 2910 992 2946; x_wconf 88' lang='lat' dir='ltr'><strong>pro</strong></span> <span class='ocrx_word' id='word_1_473' title='bbox 1018 2902 1112 2936; x_wconf 77' lang='lat' dir='ltr'><strong>veris</strong></span> <span class='ocrx_word' id='word_1_474' title='bbox 1136 2900 1258 2944; x_wconf 79' lang='lat' dir='ltr'><strong>falsa,</strong></span> <span class='ocrx_word' id='word_1_475' title='bbox 1291 2911 1358 2948; x_wconf 90' lang='lat' dir='ltr'><strong>pro</strong></span> <span class='ocrx_word' id='word_1_476' title='bbox 1382 2902 1500 2938; x_wconf 72' lang='lat' dir='ltr'><strong>rectis</strong></span> <span class='ocrx_word' id='word_1_477' title='bbox 1524 2913 1659 2949; x_wconf 81' lang='lat' dir='ltr'><strong>prava,</strong></span> <span class='ocrx_word' id='word_1_478' title='bbox 1694 2911 1762 2949; x_wconf 89' lang='lat' dir='ltr'><strong>pro</strong></span> <span class='ocrx_word' id='word_1_479' title='bbox 1786 2900 1892 2935; x_wconf 84' lang='lat' dir='ltr'><strong>bonis</strong></span> <span class='ocrx_word' id='word_1_480' title='bbox 1914 2901 2014 2936; x_wconf 88' lang='lat' dir='ltr'><strong>mala</strong></span> <span class='ocrx_word' id='word_1_481' title='bbox 2037 2901 2245 2941; x_wconf 78' lang='lat' dir='ltr'><strong>doceamus.</strong></span> 
     </span>
    </p>
   </div>
   <div class='ocr_carea' id='block_1_5' title="bbox 2560 0 2677 417">
    <p class='ocr_par' dir='ltr' id='par_1_6' title="bbox 2560 0 2677 417">
     <span class='ocr_line' id='line_1_43' title="bbox 2560 0 2677 417; baseline 0 2953"><span class='ocrx_word' id='word_1_482' title='bbox 2560 0 2677 417; x_wconf 95' lang='lat' dir='ltr'><strong> </strong></span> 
     </span>
    </p>
   </div>
  </div>
 </body>
</html>
