<?xml version="1.0" encoding="UTF-8"?>
<!DOCTYPE html PUBLIC "-//W3C//DTD XHTML 1.0 Transitional//EN"
    "http://www.w3.org/TR/xhtml1/DTD/xhtml1-transitional.dtd">
<html xmlns="http://www.w3.org/1999/xhtml" xml:lang="en" lang="en">
 <head>
  <title>
</title>
<meta http-equiv="Content-Type" content="text/html;charset=utf-8" />
  <meta name='ocr-system' content='tesseract 3.04.00' />
  <meta name='ocr-capabilities' content='ocr_page ocr_carea ocr_par ocr_line ocrx_word'/>
</head>
<body>
  <div class='ocr_page' id='page_1' title='image "4768555_0018.png"; bbox 0 0 2677 3370; ppageno 0'>
   <div class='ocr_carea' id='block_1_1' title="bbox 1313 97 1366 142">
    <p class='ocr_par' dir='ltr' id='par_1_1' title="bbox 1313 97 1366 142">
     <span class='ocr_line' id='line_1_1' title="bbox 1313 97 1366 142; baseline 0.019 -1"><span class='ocrx_word' id='word_1_1' title='bbox 1313 97 1366 142; x_wconf 81' lang='lat'><strong>10</strong></span> 
     </span>
    </p>
   </div>
   <div class='ocr_carea' id='block_1_2' title="bbox 1200 155 1470 164">
    <p class='ocr_par' dir='ltr' id='par_1_2' title="bbox 1200 155 1470 164">
     <span class='ocr_line' id='line_1_2' title="bbox 1200 155 1470 164; baseline 0 3206"><span class='ocrx_word' id='word_1_2' title='bbox 1200 155 1470 164; x_wconf 95' lang='lat' dir='ltr'><strong> </strong></span> 
     </span>
    </p>
   </div>
   <div class='ocr_carea' id='block_1_3' title="bbox 218 228 2475 2914">
    <p class='ocr_par' dir='ltr' id='par_1_3' title="bbox 218 228 2461 2650">
     <span class='ocr_line' id='line_1_3' title="bbox 220 228 2447 293; baseline -0.003 -13"><span class='ocrx_word' id='word_1_3' title='bbox 220 244 338 289; x_wconf 81' lang='lat' dir='ltr'><strong>erat,</strong></span> <span class='ocrx_word' id='word_1_4' title='bbox 374 235 855 293; x_wconf 49' lang='lat' dir='ltr'><strong>negativoeexprimas)</strong></span> <span class='ocrx_word' id='word_1_5' title='bbox 884 234 1029 275; x_wconf 82' lang='lat' dir='ltr'><strong>dicere</strong></span> <span class='ocrx_word' id='word_1_6' title='bbox 1059 230 1143 274; x_wconf 88' lang='lat' dir='ltr'><strong>tibi</strong></span> <span class='ocrx_word' id='word_1_7' title='bbox 1173 229 1348 273; x_wconf 83' lang='lat' dir='ltr'><strong>licebit:</strong></span> <span class='ocrx_word' id='word_1_8' title='bbox 1392 229 1575 282; x_wconf 84' lang='lat' dir='ltr'><strong>„nibil</strong></span> <span class='ocrx_word' id='word_1_9' title='bbox 1610 228 1737 272; x_wconf 82' lang='lat' dir='ltr'><strong>nobis</strong></span> <span class='ocrx_word' id='word_1_10' title='bbox 1768 229 2015 284; x_wconf 85' lang='lat' dir='ltr'><strong>relinqui,“</strong></span> <span class='ocrx_word' id='word_1_11' title='bbox 2046 232 2143 273; x_wconf 78' lang='lat' dir='ltr'><strong>sive</strong></span> <span class='ocrx_word' id='word_1_12' title='bbox 2174 261 2208 283; x_wconf 88' lang='lat'><strong>„</strong></span> <span class='ocrx_word' id='word_1_13' title='bbox 2220 246 2303 275; x_wconf 80' lang='lat' dir='ltr'><strong>nos</strong></span> <span class='ocrx_word' id='word_1_14' title='bbox 2334 231 2447 274; x_wconf 80' lang='lat' dir='ltr'><strong>nihii</strong></span> 
     </span>
     <span class='ocr_line' id='line_1_4' title="bbox 218 290 2448 359; baseline -0.002 -15"><span class='ocrx_word' id='word_1_15' title='bbox 218 313 354 359; x_wconf 83' lang='lat' dir='ltr'><strong>posse</strong></span> <span class='ocrx_word' id='word_1_16' title='bbox 383 302 610 342; x_wconf 85' lang='lat' dir='ltr'><strong>nobiscum</strong></span> <span class='ocrx_word' id='word_1_17' title='bbox 640 301 872 348; x_wconf 80' lang='lat' dir='ltr'><strong>auferre,“</strong></span> <span class='ocrx_word' id='word_1_18' title='bbox 910 321 955 329; x_wconf 85' lang='lat'><strong>——</strong></span> <span class='ocrx_word' id='word_1_19' title='bbox 988 298 1049 338; x_wconf 89' lang='lat' dir='ltr'><strong>ibi</strong></span> <span class='ocrx_word' id='word_1_20' title='bbox 1080 297 1209 348; x_wconf 75' lang='lat' dir='ltr'><strong>plane</strong></span> <span class='ocrx_word' id='word_1_21' title='bbox 1239 298 1501 336; x_wconf 80' lang='lat' dir='ltr'><strong>contrarium</strong></span> <span class='ocrx_word' id='word_1_22' title='bbox 1537 298 1648 337; x_wconf 89' lang='lat' dir='ltr'><strong>vidit</strong></span> <span class='ocrx_word' id='word_1_23' title='bbox 1689 298 1926 351; x_wconf 77' lang='lat' dir='ltr'>interpres,</span> <span class='ocrx_word' id='word_1_24' title='bbox 1969 290 2043 353; x_wconf 47' lang='lat' dir='ltr'><strong>q&#39;ui</strong></span> <span class='ocrx_word' id='word_1_25' title='bbox 2080 296 2327 352; x_wconf 80' lang='lat' dir='ltr'><strong>significari</strong></span> <span class='ocrx_word' id='word_1_26' title='bbox 2358 298 2448 339; x_wconf 78' lang='lat' dir='ltr'><strong>ait:</strong></span> 
     </span>
     <span class='ocr_line' id='line_1_5' title="bbox 218 361 2447 417; baseline -0.003 -7"><span class='ocrx_word' id='word_1_27' title='bbox 218 378 400 411; x_wconf 76' lang='lat' dir='ltr'><strong>mortem</strong></span> <span class='ocrx_word' id='word_1_28' title='bbox 451 365 563 407; x_wconf 82' lang='lat' dir='ltr'><strong>nihil</strong></span> <span class='ocrx_word' id='word_1_29' title='bbox 603 364 731 406; x_wconf 84' lang='lat' dir='ltr'><strong>nobis</strong></span> <span class='ocrx_word' id='word_1_30' title='bbox 779 362 1052 414; x_wconf 87' lang='lat' dir='ltr'><strong>relinquere,</strong></span> <span class='ocrx_word' id='word_1_31' title='bbox 1109 364 1222 405; x_wconf 87' lang='lat' dir='ltr'><strong>nisi</strong></span> <span class='ocrx_word' id='word_1_32' title='bbox 1263 363 1512 403; x_wconf 89' lang='lat' dir='ltr'><strong>memoriam</strong></span> <span class='ocrx_word' id='word_1_33' title='bbox 1562 376 1711 402; x_wconf 86' lang='lat' dir='ltr'><strong>eorum</strong></span> <span class='ocrx_word' id='word_1_34' title='bbox 1767 365 2050 417; x_wconf 84' lang='lat' dir='ltr'><strong>gaudiorum,</strong></span> <span class='ocrx_word' id='word_1_35' title='bbox 2108 361 2270 416; x_wconf 84' lang='lat' dir='ltr'><strong>quibus</strong></span> <span class='ocrx_word' id='word_1_36' title='bbox 2322 365 2447 404; x_wconf 78' lang='lat' dir='ltr'><strong>fruiti</strong></span> 
     </span>
     <span class='ocr_line' id='line_1_6' title="bbox 221 426 2447 486; baseline -0.003 -10"><span class='ocrx_word' id='word_1_37' title='bbox 221 436 386 485; x_wconf 89' lang='lat' dir='ltr'><strong>simus,</strong></span> <span class='ocrx_word' id='word_1_38' title='bbox 414 455 469 462; x_wconf 93' lang='lat'><em>-</em></span> <span class='ocrx_word' id='word_1_39' title='bbox 498 443 603 486; x_wconf 76' lang='lat' dir='ltr'><strong>ergo</strong></span> <span class='ocrx_word' id='word_1_40' title='bbox 633 440 776 471; x_wconf 84' lang='lat' dir='ltr'><strong>tamen</strong></span> <span class='ocrx_word' id='word_1_41' title='bbox 807 427 1031 480; x_wconf 80' lang='lat' dir='ltr'><strong>aliquid</strong></span> <span class='ocrx_word' id='word_1_42' title='bbox 1064 428 1326 478; x_wconf 75' lang='lat' dir='ltr'><strong>relinquere.</strong></span> <span class='ocrx_word' id='word_1_43' title='bbox 1386 427 1444 468; x_wconf 75' lang='lat' dir='ltr'><strong>At</strong></span> <span class='ocrx_word' id='word_1_44' title='bbox 1475 436 1635 478; x_wconf 88' lang='lat' dir='ltr'><strong>quanto</strong></span> <span class='ocrx_word' id='word_1_45' title='bbox 1665 426 1828 468; x_wconf 78' lang='lat' dir='ltr'><strong>solatio</strong></span> <span class='ocrx_word' id='word_1_46' title='bbox 1858 437 1984 479; x_wconf 86' lang='lat' dir='ltr'><strong>poeta</strong></span> <span class='ocrx_word' id='word_1_47' title='bbox 2015 428 2203 479; x_wconf 83' lang='lat' dir='ltr'><strong>privavit</strong></span> <span class='ocrx_word' id='word_1_48' title='bbox 2238 429 2447 469; x_wconf 80' lang='lat' dir='ltr'><strong>miserum</strong></span> 
     </span>
     <span class='ocr_line' id='line_1_7' title="bbox 223 491 2448 549; baseline -0.003 -9"><span class='ocrx_word' id='word_1_49' title='bbox 223 500 499 548; x_wconf 81' lang='lat' dir='ltr'><strong>Postumum,</strong></span> <span class='ocrx_word' id='word_1_50' title='bbox 544 498 581 537; x_wconf 88' lang='lat' dir='ltr'><strong>si</strong></span> <span class='ocrx_word' id='word_1_51' title='bbox 614 497 659 537; x_wconf 84' lang='lat' dir='ltr'><strong>id</strong></span> <span class='ocrx_word' id='word_1_52' title='bbox 693 495 879 546; x_wconf 85' lang='lat' dir='ltr'><strong>celavit,</strong></span> <span class='ocrx_word' id='word_1_53' title='bbox 921 495 1034 549; x_wconf 77' lang='lat' dir='ltr'><strong>quod</strong></span> <span class='ocrx_word' id='word_1_54' title='bbox 1073 493 1250 534; x_wconf 84' lang='lat' dir='ltr'><strong>dubium</strong></span> <span class='ocrx_word' id='word_1_55' title='bbox 1291 496 1361 533; x_wconf 87' lang='lat' dir='ltr'><strong>est</strong></span> <span class='ocrx_word' id='word_1_56' title='bbox 1400 505 1502 533; x_wconf 88' lang='lat' dir='ltr'><strong>num</strong></span> <span class='ocrx_word' id='word_1_57' title='bbox 1535 491 1769 534; x_wconf 80' lang='lat' dir='ltr'><strong>Postumus</strong></span> <span class='ocrx_word' id='word_1_58' title='bbox 1807 495 1906 547; x_wconf 89' lang='lat' dir='ltr'><strong>ipse</strong></span> <span class='ocrx_word' id='word_1_59' title='bbox 1937 493 2022 536; x_wconf 86' lang='lat' dir='ltr'><strong>sibi</strong></span> <span class='ocrx_word' id='word_1_60' title='bbox 2055 493 2255 535; x_wconf 85' lang='lat' dir='ltr'><strong>iuvenire</strong></span> <span class='ocrx_word' id='word_1_61' title='bbox 2294 494 2448 544; x_wconf 80' lang='lat' dir='ltr'><strong>possit.</strong></span> 
     </span>
     <span class='ocr_line' id='line_1_8' title="bbox 223 557 2452 615; baseline -0.002 -9"><span class='ocrx_word' id='word_1_62' title='bbox 223 567 302 615; x_wconf 89' lang='lat' dir='ltr'><strong>At,</strong></span> <span class='ocrx_word' id='word_1_63' title='bbox 332 564 502 615; x_wconf 78' lang='lat' dir='ltr'><strong>inquiet</strong></span> <span class='ocrx_word' id='word_1_64' title='bbox 537 562 729 606; x_wconf 76' lang='lat' dir='ltr'><strong>tortasse</strong></span> <span class='ocrx_word' id='word_1_65' title='bbox 764 563 1004 612; x_wconf 78' lang='lat' dir='ltr'><strong>interpres,</strong></span> <span class='ocrx_word' id='word_1_66' title='bbox 1048 561 1144 614; x_wconf 90' lang='lat' dir='ltr'><strong>ipse</strong></span> <span class='ocrx_word' id='word_1_67' title='bbox 1174 568 1300 610; x_wconf 79' lang='lat' dir='ltr'><strong>poeta</strong></span> <span class='ocrx_word' id='word_1_68' title='bbox 1337 558 1465 600; x_wconf 87' lang='lat' dir='ltr'><strong>dicit:</strong></span> <span class='ocrx_word' id='word_1_69' title='bbox 1511 557 1696 610; x_wconf 83' lang='lat' dir='ltr'><strong>„Nulla</strong></span> <span class='ocrx_word' id='word_1_70' title='bbox 1734 558 1886 600; x_wconf 85' lang='lat' dir='ltr'><strong>barum</strong></span> <span class='ocrx_word' id='word_1_71' title='bbox 1915 560 2117 601; x_wconf 84' lang='lat' dir='ltr'><strong>arborum</strong></span> <span class='ocrx_word' id='word_1_72' title='bbox 2148 568 2192 600; x_wconf 86' lang='lat' dir='ltr'><strong>te</strong></span> <span class='ocrx_word' id='word_1_73' title='bbox 2230 567 2452 611; x_wconf 75' lang='lat' dir='ltr'><strong>sequetur,</strong></span> 
     </span>
     <span class='ocr_line' id='line_1_9' title="bbox 222 622 2452 685; baseline -0.003 -13"><span class='ocrx_word' id='word_1_74' title='bbox 222 639 394 684; x_wconf 85' lang='lat' dir='ltr'><strong>praeter</strong></span> <span class='ocrx_word' id='word_1_75' title='bbox 428 641 681 685; x_wconf 83' lang='lat' dir='ltr'><strong>cupressos.</strong></span> <span class='ocrx_word' id='word_1_76' title='bbox 738 627 858 683; x_wconf 79' lang='lat' dir='ltr'><strong>Ergo</strong></span> <span class='ocrx_word' id='word_1_77' title='bbox 889 626 968 668; x_wconf 84' lang='lat' dir='ltr'><strong>hae</strong></span> <span class='ocrx_word' id='word_1_78' title='bbox 1010 636 1150 667; x_wconf 89' lang='lat' dir='ltr'><strong>tamen</strong></span> <span class='ocrx_word' id='word_1_79' title='bbox 1183 623 1487 681; x_wconf 74' lang='lat' dir='ltr'><strong>relinquentur</strong></span> <span class='ocrx_word' id='word_1_80' title='bbox 1523 623 1660 666; x_wconf 85' lang='lat' dir='ltr'><strong>tibi.“</strong></span> <span class='ocrx_word' id='word_1_81' title='bbox 1695 622 1778 680; x_wconf 87' lang='lat' dir='ltr'><strong>[At</strong></span> <span class='ocrx_word' id='word_1_82' title='bbox 1816 634 1901 676; x_wconf 86' lang='lat' dir='ltr'><strong>„te</strong></span> <span class='ocrx_word' id='word_1_83' title='bbox 1946 628 2220 678; x_wconf 75' lang='lat' dir='ltr'><strong>sequentur-‘⁴</strong></span> <span class='ocrx_word' id='word_1_84' title='bbox 2258 639 2343 666; x_wconf 89' lang='lat' dir='ltr'><strong>non</strong></span> <span class='ocrx_word' id='word_1_85' title='bbox 2382 633 2452 666; x_wconf 67' lang='lat' dir='ltr'><strong>est</strong></span> 
     </span>
     <span class='ocr_line' id='line_1_10' title="bbox 223 690 2450 750; baseline -0.003 -12"><span class='ocrx_word' id='word_1_86' title='bbox 223 697 340 739; x_wconf 82' lang='lat' dir='ltr'><strong>idem</strong></span> <span class='ocrx_word' id='word_1_87' title='bbox 380 710 431 738; x_wconf 87' lang='lat' dir='ltr'><strong>ac</strong></span> <span class='ocrx_word' id='word_1_88' title='bbox 460 694 582 748; x_wconf 81' lang='lat' dir='ltr'><strong>„tibi</strong></span> <span class='ocrx_word' id='word_1_89' title='bbox 612 691 990 750; x_wconf 87' lang='lat' dir='ltr'><strong>relinquentur“]</strong></span> <span class='ocrx_word' id='word_1_90' title='bbox 1024 690 1272 743; x_wconf 83' lang='lat' dir='ltr'><strong>Cupressus</strong></span> <span class='ocrx_word' id='word_1_91' title='bbox 1295 696 1439 732; x_wconf 83' lang='lat' dir='ltr'><strong>antem</strong></span> <span class='ocrx_word' id='word_1_92' title='bbox 1464 690 1594 733; x_wconf 87' lang='lat' dir='ltr'><strong>arbor</strong></span> <span class='ocrx_word' id='word_1_93' title='bbox 1627 699 1719 742; x_wconf 87' lang='lat' dir='ltr'><strong>est,</strong></span> <span class='ocrx_word' id='word_1_94' title='bbox 1748 704 1858 747; x_wconf 83' lang='lat' dir='ltr'><strong>quae</strong></span> <span class='ocrx_word' id='word_1_95' title='bbox 1889 692 2114 749; x_wconf 80' lang='lat' dir='ltr'><strong>significat</strong></span> <span class='ocrx_word' id='word_1_96' title='bbox 2142 691 2450 734; x_wconf 74' lang='lat' dir='ltr'><strong>memoriam</strong></span> 
     </span>
     <span class='ocr_line' id='line_1_11' title="bbox 222 757 2451 817; baseline -0.003 -13"><span class='ocrx_word' id='word_1_97' title='bbox 222 777 371 806; x_wconf 83' lang='lat' dir='ltr'><strong>rerum</strong></span> <span class='ocrx_word' id='word_1_98' title='bbox 409 763 769 817; x_wconf 87' lang='lat' dir='ltr'><strong>praeteritarum,</strong></span> <span class='ocrx_word' id='word_1_99' title='bbox 800 783 852 791; x_wconf 94' lang='lat'><strong>—</strong></span> <span class='ocrx_word' id='word_1_100' title='bbox 882 773 988 814; x_wconf 86' lang='lat' dir='ltr'><strong>ergo</strong></span> <span class='ocrx_word' id='word_1_101' title='bbox 1021 761 1150 798; x_wconf 81' lang='lat' dir='ltr'><strong>etiarn</strong></span> <span class='ocrx_word' id='word_1_102' title='bbox 1189 759 1476 812; x_wconf 78' lang='lat' dir='ltr'><strong>gaudiorum,</strong></span> <span class='ocrx_word' id='word_1_103' title='bbox 1520 757 1680 812; x_wconf 86' lang='lat' dir='ltr'><strong>quibus</strong></span> <span class='ocrx_word' id='word_1_104' title='bbox 1712 757 1817 798; x_wconf 88' lang='lat' dir='ltr'><strong>olim</strong></span> <span class='ocrx_word' id='word_1_105' title='bbox 1849 758 1972 799; x_wconf 87' lang='lat' dir='ltr'><strong>fruiti</strong></span> <span class='ocrx_word' id='word_1_106' title='bbox 2006 773 2171 800; x_wconf 89' lang='lat' dir='ltr'><strong>sumus.</strong></span> <span class='ocrx_word' id='word_1_107' title='bbox 2233 758 2305 799; x_wconf 87' lang='lat' dir='ltr'><strong>Sic</strong></span> <span class='ocrx_word' id='word_1_108' title='bbox 2334 763 2451 798; x_wconf 87' lang='lat' dir='ltr'><strong>certe</strong></span> 
     </span>
     <span class='ocr_line' id='line_1_12' title="bbox 222 821 2451 879; baseline -0.004 -7"><span class='ocrx_word' id='word_1_109' title='bbox 222 827 444 872; x_wconf 77' lang='lat' dir='ltr'><strong>conclusit</strong></span> <span class='ocrx_word' id='word_1_110' title='bbox 473 828 718 878; x_wconf 83' lang='lat' dir='ltr'><strong>interpres,</strong></span> <span class='ocrx_word' id='word_1_111' title='bbox 756 824 832 866; x_wconf 89' lang='lat' dir='ltr'><strong>ubi</strong></span> <span class='ocrx_word' id='word_1_112' title='bbox 862 825 1004 867; x_wconf 89' lang='lat' dir='ltr'><strong>ideam</strong></span> <span class='ocrx_word' id='word_1_113' title='bbox 1036 825 1260 879; x_wconf 81' lang='lat' dir='ltr'><strong>exposuit.</strong></span> <span class='ocrx_word' id='word_1_114' title='bbox 1324 823 1491 865; x_wconf 85' lang='lat' dir='ltr'><strong>Deinde</strong></span> <span class='ocrx_word' id='word_1_115' title='bbox 1523 837 1626 864; x_wconf 87' lang='lat' dir='ltr'><strong>vero</strong></span> <span class='ocrx_word' id='word_1_116' title='bbox 1660 821 1734 863; x_wconf 87' lang='lat' dir='ltr'><strong>ubi</strong></span> <span class='ocrx_word' id='word_1_117' title='bbox 1765 838 1859 864; x_wconf 80' lang='lat' dir='ltr'><strong>eam</strong></span> <span class='ocrx_word' id='word_1_118' title='bbox 1891 825 2109 876; x_wconf 86' lang='lat' dir='ltr'><strong>explicat,</strong></span> <span class='ocrx_word' id='word_1_119' title='bbox 2145 824 2260 866; x_wconf 88' lang='lat' dir='ltr'><strong>male</strong></span> <span class='ocrx_word' id='word_1_120' title='bbox 2290 823 2451 866; x_wconf 85' lang='lat' dir='ltr'><strong>accidit</strong></span> 
     </span>
     <span class='ocr_line' id='line_1_13' title="bbox 223 888 2451 947; baseline -0.003 -11"><span class='ocrx_word' id='word_1_121' title='bbox 223 897 291 947; x_wconf 87' lang='lat' dir='ltr'><strong>ei,</strong></span> <span class='ocrx_word' id='word_1_122' title='bbox 337 903 385 935; x_wconf 89' lang='lat' dir='ltr'><strong>ut</strong></span> <span class='ocrx_word' id='word_1_123' title='bbox 423 907 537 933; x_wconf 88' lang='lat' dir='ltr'><strong>nunc</strong></span> <span class='ocrx_word' id='word_1_124' title='bbox 570 893 742 933; x_wconf 88' lang='lat' dir='ltr'><strong>demum</strong></span> <span class='ocrx_word' id='word_1_125' title='bbox 770 893 1038 941; x_wconf 84' lang='lat' dir='ltr'><strong>meminerit,</strong></span> <span class='ocrx_word' id='word_1_126' title='bbox 1085 903 1320 944; x_wconf 84' lang='lat' dir='ltr'><strong>cupressos</strong></span> <span class='ocrx_word' id='word_1_127' title='bbox 1358 903 1459 930; x_wconf 88' lang='lat' dir='ltr'><strong>esse</strong></span> <span class='ocrx_word' id='word_1_128' title='bbox 1500 889 1642 929; x_wconf 80' lang='lat' dir='ltr'><strong>dictas</strong></span> <span class='ocrx_word' id='word_1_129' title='bbox 1689 888 1812 939; x_wconf 83' lang='lat' dir='ltr'><strong>„tibi</strong></span> <span class='ocrx_word' id='word_1_130' title='bbox 1845 891 2014 931; x_wconf 85' lang='lat' dir='ltr'><strong>invisas</strong></span> <span class='ocrx_word' id='word_1_131' title='bbox 2029 894 2070 940; x_wconf 89' lang='lat'><strong>‚“</strong></span> <span class='ocrx_word' id='word_1_132' title='bbox 2107 891 2231 944; x_wconf 80' lang='lat' dir='ltr'><strong>cujus</strong></span> <span class='ocrx_word' id='word_1_133' title='bbox 2262 888 2451 945; x_wconf 85' lang='lat' dir='ltr'><strong>epitheti</strong></span> 
     </span>
     <span class='ocr_line' id='line_1_14' title="bbox 225 954 2452 1015; baseline -0.003 -14"><span class='ocrx_word' id='word_1_134' title='bbox 225 974 361 1015; x_wconf 79' lang='lat' dir='ltr'><strong>supra</strong></span> <span class='ocrx_word' id='word_1_135' title='bbox 397 958 527 1010; x_wconf 86' lang='lat' dir='ltr'><strong>plane</strong></span> <span class='ocrx_word' id='word_1_136' title='bbox 563 960 788 999; x_wconf 87' lang='lat' dir='ltr'><strong>immemor</strong></span> <span class='ocrx_word' id='word_1_137' title='bbox 824 957 990 1002; x_wconf 83' lang='lat' dir='ltr'><strong>fuerat;</strong></span> <span class='ocrx_word' id='word_1_138' title='bbox 1031 969 1136 1009; x_wconf 84' lang='lat' dir='ltr'><strong>ergo</strong></span> <span class='ocrx_word' id='word_1_139' title='bbox 1166 954 1371 995; x_wconf 84' lang='lat' dir='ltr'><strong>celeriter</strong></span> <span class='ocrx_word' id='word_1_140' title='bbox 1401 954 1520 1009; x_wconf 80' lang='lat' dir='ltr'><strong>alius</strong></span> <span class='ocrx_word' id='word_1_141' title='bbox 1551 956 1616 993; x_wconf 88' lang='lat' dir='ltr'><strong>rei</strong></span> <span class='ocrx_word' id='word_1_142' title='bbox 1647 956 1911 995; x_wconf 86' lang='lat' dir='ltr'><strong>mentionem</strong></span> <span class='ocrx_word' id='word_1_143' title='bbox 1948 956 2077 1006; x_wconf 86' lang='lat' dir='ltr'><strong>facit,</strong></span> <span class='ocrx_word' id='word_1_144' title='bbox 2116 955 2286 996; x_wconf 87' lang='lat' dir='ltr'><strong>scilicet</strong></span> <span class='ocrx_word' id='word_1_145' title='bbox 2317 964 2452 995; x_wconf 87' lang='lat' dir='ltr'><strong>tem-</strong></span> 
     </span>
     <span class='ocr_line' id='line_1_15' title="bbox 223 1020 2450 1080; baseline -0.004 -12"><span class='ocrx_word' id='word_1_146' title='bbox 223 1027 373 1080; x_wconf 82' lang='lat' dir='ltr'><strong>poris</strong></span> <span class='ocrx_word' id='word_1_147' title='bbox 413 1024 733 1076; x_wconf 87' lang='lat' dir='ltr'><strong>praeteriti,</strong></span> <span class='ocrx_word' id='word_1_148' title='bbox 776 1022 978 1063; x_wconf 88' lang='lat' dir='ltr'><strong>nimirum</strong></span> <span class='ocrx_word' id='word_1_149' title='bbox 1026 1029 1073 1062; x_wconf 89' lang='lat' dir='ltr'><strong>ut</strong></span> <span class='ocrx_word' id='word_1_150' title='bbox 1114 1021 1331 1072; x_wconf 87' lang='lat' dir='ltr'><strong>sciamus,</strong></span> <span class='ocrx_word' id='word_1_151' title='bbox 1375 1035 1452 1062; x_wconf 92' lang='lat' dir='ltr'><strong>cur</strong></span> <span class='ocrx_word' id='word_1_152' title='bbox 1491 1020 1662 1061; x_wconf 85' lang='lat' dir='ltr'><strong>invisae</strong></span> <span class='ocrx_word' id='word_1_153' title='bbox 1700 1021 1790 1069; x_wconf 88' lang='lat' dir='ltr'><strong>sint</strong></span> <span class='ocrx_word' id='word_1_154' title='bbox 1826 1023 2021 1073; x_wconf 85' lang='lat' dir='ltr'><strong>cupressi</strong></span> <span class='ocrx_word' id='word_1_155' title='bbox 2058 1022 2167 1062; x_wconf 85' lang='lat' dir='ltr'><strong>hanc</strong></span> <span class='ocrx_word' id='word_1_156' title='bbox 2202 1022 2450 1062; x_wconf 84' lang='lat' dir='ltr'><strong>memoriam</strong></span> 
     </span>
     <span class='ocr_line' id='line_1_16' title="bbox 227 1085 2451 1141; baseline -0.002 -8"><span class='ocrx_word' id='word_1_157' title='bbox 227 1093 492 1133; x_wconf 75' lang='lat' dir='ltr'><strong>excitantes.</strong></span> <span class='ocrx_word' id='word_1_158' title='bbox 552 1089 667 1131; x_wconf 74' lang='lat' dir='ltr'><strong>Num</strong></span> <span class='ocrx_word' id='word_1_159' title='bbox 690 1102 790 1129; x_wconf 87' lang='lat' dir='ltr'><strong>vero</strong></span> <span class='ocrx_word' id='word_1_160' title='bbox 816 1088 957 1128; x_wconf 86' lang='lat' dir='ltr'><strong>omnis</strong></span> <span class='ocrx_word' id='word_1_161' title='bbox 982 1088 1191 1127; x_wconf 83' lang='lat' dir='ltr'><strong>memoria</strong></span> <span class='ocrx_word' id='word_1_162' title='bbox 1215 1087 1425 1140; x_wconf 85' lang='lat' dir='ltr'><strong>temporis</strong></span> <span class='ocrx_word' id='word_1_163' title='bbox 1451 1086 1678 1141; x_wconf 85' lang='lat' dir='ltr'><strong>praeteriti</strong></span> <span class='ocrx_word' id='word_1_164' title='bbox 1703 1086 1941 1139; x_wconf 85' lang='lat' dir='ltr'><strong>injucunda</strong></span> <span class='ocrx_word' id='word_1_165' title='bbox 1972 1086 2067 1129; x_wconf 71' lang='lat' dir='ltr'><strong>est&#39;!</strong></span> <span class='ocrx_word' id='word_1_166' title='bbox 2128 1085 2280 1130; x_wconf 87' lang='lat' dir='ltr'><strong>Nonne</strong></span> <span class='ocrx_word' id='word_1_167' title='bbox 2304 1087 2451 1140; x_wconf 85' lang='lat' dir='ltr'><strong>potius</strong></span> 
     </span>
     <span class='ocr_line' id='line_1_17' title="bbox 224 1152 2451 1211; baseline -0.003 -13"><span class='ocrx_word' id='word_1_168' title='bbox 224 1159 326 1211; x_wconf 83' lang='lat' dir='ltr'><strong>ejus</strong></span> <span class='ocrx_word' id='word_1_169' title='bbox 358 1164 524 1197; x_wconf 84' lang='lat' dir='ltr'><strong>tantum</strong></span> <span class='ocrx_word' id='word_1_170' title='bbox 561 1155 792 1208; x_wconf 88' lang='lat' dir='ltr'><strong>temporis,</strong></span> <span class='ocrx_word' id='word_1_171' title='bbox 835 1167 920 1208; x_wconf 90' lang='lat' dir='ltr'><strong>quo</strong></span> <span class='ocrx_word' id='word_1_172' title='bbox 960 1152 1073 1193; x_wconf 86' lang='lat' dir='ltr'><strong>male</strong></span> <span class='ocrx_word' id='word_1_173' title='bbox 1114 1167 1221 1193; x_wconf 87' lang='lat' dir='ltr'><strong>usus</strong></span> <span class='ocrx_word' id='word_1_174' title='bbox 1261 1152 1436 1193; x_wconf 60' lang='lat' dir='ltr'><strong>suen-ist&gt;</strong></span> <span class='ocrx_word' id='word_1_175' title='bbox 1496 1152 1553 1193; x_wconf 82' lang='lat' dir='ltr'><strong>At</strong></span> <span class='ocrx_word' id='word_1_176' title='bbox 1595 1153 1690 1204; x_wconf 79' lang='lat' dir='ltr'><strong>ipse</strong></span> <span class='ocrx_word' id='word_1_177' title='bbox 1732 1153 1951 1206; x_wconf 85' lang='lat' dir='ltr'><strong>interpres</strong></span> <span class='ocrx_word' id='word_1_178' title='bbox 1991 1153 2069 1194; x_wconf 82' lang='lat' dir='ltr'><strong>hoc</strong></span> <span class='ocrx_word' id='word_1_179' title='bbox 2111 1155 2271 1203; x_wconf 82' lang='lat' dir='ltr'><strong>sensit,</strong></span> <span class='ocrx_word' id='word_1_180' title='bbox 2317 1165 2451 1207; x_wconf 80' lang='lat' dir='ltr'><strong>quare</strong></span> 
     </span>
     <span class='ocr_line' id='line_1_18' title="bbox 228 1216 2447 1274; baseline -0.004 -9"><span class='ocrx_word' id='word_1_181' title='bbox 228 1223 359 1273; x_wconf 77' lang='lat' dir='ltr'><strong>dicit,</strong></span> <span class='ocrx_word' id='word_1_182' title='bbox 398 1219 594 1262; x_wconf 79' lang='lat' dir='ltr'><strong>arborem</strong></span> <span class='ocrx_word' id='word_1_183' title='bbox 626 1218 751 1260; x_wconf 82' lang='lat' dir='ltr'><strong>illam</strong></span> <span class='ocrx_word' id='word_1_184' title='bbox 782 1233 885 1260; x_wconf 88' lang='lat' dir='ltr'><strong>esse</strong></span> <span class='ocrx_word' id='word_1_185' title='bbox 915 1220 1094 1273; x_wconf 85' lang='lat' dir='ltr'><strong>signum</strong></span> <span class='ocrx_word' id='word_1_186' title='bbox 1126 1220 1223 1259; x_wconf 81' lang='lat' dir='ltr'><strong>sive</strong></span> <span class='ocrx_word' id='word_1_187' title='bbox 1264 1216 1509 1271; x_wconf 86' lang='lat' dir='ltr'><strong>symbolum</strong></span> <span class='ocrx_word' id='word_1_188' title='bbox 1540 1216 1667 1258; x_wconf 87' lang='lat' dir='ltr'><strong>illius</strong></span> <span class='ocrx_word' id='word_1_189' title='bbox 1700 1220 1934 1259; x_wconf 82' lang='lat' dir='ltr'><strong>memoriae</strong></span> <span class='ocrx_word' id='word_1_190' title='bbox 1966 1220 2095 1274; x_wconf 84' lang='lat' dir='ltr'><strong>(quod</strong></span> <span class='ocrx_word' id='word_1_191' title='bbox 2139 1220 2249 1259; x_wconf 83' lang='lat' dir='ltr'><strong>unde</strong></span> <span class='ocrx_word' id='word_1_192' title='bbox 2279 1218 2447 1258; x_wconf 83' lang='lat' dir='ltr'><strong>demon-</strong></span> 
     </span>
     <span class='ocr_line' id='line_1_19' title="bbox 226 1283 2451 1341; baseline -0.003 -12"><span class='ocrx_word' id='word_1_193' title='bbox 226 1289 357 1330; x_wconf 76' lang='lat' dir='ltr'><strong>strari</strong></span> <span class='ocrx_word' id='word_1_194' title='bbox 391 1287 557 1341; x_wconf 83' lang='lat' dir='ltr'><strong>possit,</strong></span> <span class='ocrx_word' id='word_1_195' title='bbox 587 1297 803 1336; x_wconf 78' lang='lat' dir='ltr'><strong>nusquam</strong></span> <span class='ocrx_word' id='word_1_196' title='bbox 835 1285 1017 1336; x_wconf 88' lang='lat' dir='ltr'><strong>reperi),</strong></span> <span class='ocrx_word' id='word_1_197' title='bbox 1054 1297 1184 1338; x_wconf 83' lang='lat' dir='ltr'><strong>ergo</strong></span> <span class='ocrx_word' id='word_1_198' title='bbox 1216 1284 1282 1336; x_wconf 74' lang='grc' dir='ltr'><strong>(Ξ)</strong></span> <span class='ocrx_word' id='word_1_199' title='bbox 1313 1284 1476 1334; x_wconf 77' lang='lat' dir='ltr'><strong>tropice</strong></span> <span class='ocrx_word' id='word_1_200' title='bbox 1499 1284 1672 1323; x_wconf 90' lang='lat' dir='ltr'><strong>omnino</strong></span> <span class='ocrx_word' id='word_1_201' title='bbox 1696 1285 1932 1325; x_wconf 79' lang='lat' dir='ltr'><strong>memoriae</strong></span> <span class='ocrx_word' id='word_1_202' title='bbox 1960 1286 2118 1339; x_wconf 89' lang='lat' dir='ltr'><strong>ipsius.</strong></span> <span class='ocrx_word' id='word_1_203' title='bbox 2179 1283 2288 1325; x_wconf 80' lang='lat' dir='ltr'><strong>Tum</strong></span> <span class='ocrx_word' id='word_1_204' title='bbox 2313 1284 2451 1324; x_wconf 84' lang='lat' dir='ltr'><strong>addit:</strong></span> 
     </span>
     <span class='ocr_line' id='line_1_20' title="bbox 228 1348 2454 1406; baseline -0.001 -13"><span class='ocrx_word' id='word_1_205' title='bbox 228 1355 335 1406; x_wconf 91' lang='lat' dir='ltr'><strong>„sic</strong></span> <span class='ocrx_word' id='word_1_206' title='bbox 366 1352 447 1392; x_wconf 90' lang='lat' dir='ltr'><strong>tibi</strong></span> <span class='ocrx_word' id='word_1_207' title='bbox 479 1350 539 1392; x_wconf 90' lang='lat' dir='ltr'><strong>nil</strong></span> <span class='ocrx_word' id='word_1_208' title='bbox 575 1349 765 1391; x_wconf 87' lang='lat' dir='ltr'><strong>manebit</strong></span> <span class='ocrx_word' id='word_1_209' title='bbox 797 1351 883 1390; x_wconf 93' lang='lat' dir='ltr'><strong>nisi</strong></span> <span class='ocrx_word' id='word_1_210' title='bbox 916 1351 1123 1390; x_wconf 87' lang='lat' dir='ltr'><strong>memoria</strong></span> <span class='ocrx_word' id='word_1_211' title='bbox 1153 1363 1300 1395; x_wconf 87' lang='lat' dir='ltr'><strong>earum</strong></span> <span class='ocrx_word' id='word_1_212' title='bbox 1332 1363 1501 1399; x_wconf 87' lang='lat' dir='ltr'><strong>rernm,</strong></span> <span class='ocrx_word' id='word_1_213' title='bbox 1544 1348 1702 1400; x_wconf 85' lang='lat' dir='ltr'><strong>quibus</strong></span> <span class='ocrx_word' id='word_1_214' title='bbox 1734 1349 1898 1391; x_wconf 83' lang='lat' dir='ltr'><strong>fruitus</strong></span> <span class='ocrx_word' id='word_1_215' title='bbox 1930 1364 2004 1397; x_wconf 82' lang='lat' dir='ltr'><strong>es3</strong></span> <span class='ocrx_word' id='word_1_216' title='bbox 2043 1364 2136 1391; x_wconf 87' lang='lat' dir='ltr'><strong>nam</strong></span> <span class='ocrx_word' id='word_1_217' title='bbox 2168 1364 2276 1403; x_wconf 79' lang='lat' dir='ltr'><strong>quae</strong></span> <span class='ocrx_word' id='word_1_218' title='bbox 2305 1363 2454 1401; x_wconf 86' lang='lat' dir='ltr'><strong>posse-</strong></span> 
     </span>
     <span class='ocr_line' id='line_1_21' title="bbox 226 1414 2453 1472; baseline -0.002 -12"><span class='ocrx_word' id='word_1_219' title='bbox 226 1420 362 1469; x_wconf 79' lang='lat' dir='ltr'><strong>disti,</strong></span> <span class='ocrx_word' id='word_1_220' title='bbox 405 1432 456 1458; x_wconf 85' lang='lat' dir='ltr'><strong>ea</strong></span> <span class='ocrx_word' id='word_1_221' title='bbox 486 1426 530 1457; x_wconf 89' lang='lat' dir='ltr'><strong>te</strong></span> <span class='ocrx_word' id='word_1_222' title='bbox 563 1430 645 1456; x_wconf 91' lang='lat' dir='ltr'><strong>non</strong></span> <span class='ocrx_word' id='word_1_223' title='bbox 679 1422 931 1470; x_wconf 85' lang='lat' dir='ltr'><strong>sequentur.</strong></span> <span class='ocrx_word' id='word_1_224' title='bbox 990 1414 1055 1455; x_wconf 84' lang='lat' dir='ltr'><strong>lta</strong></span> <span class='ocrx_word' id='word_1_225' title='bbox 1096 1416 1234 1470; x_wconf 82' lang='lat' dir='ltr'><strong>igitur</strong></span> <span class='ocrx_word' id='word_1_226' title='bbox 1269 1416 1440 1456; x_wconf 87' lang='lat' dir='ltr'><strong>demum</strong></span> <span class='ocrx_word' id='word_1_227' title='bbox 1484 1416 1598 1456; x_wconf 84' lang='lat' dir='ltr'><strong>redit</strong></span> <span class='ocrx_word' id='word_1_228' title='bbox 1636 1429 1711 1466; x_wconf 88' lang='lat' dir='ltr'><strong>eo,</strong></span> <span class='ocrx_word' id='word_1_229' title='bbox 1757 1417 1872 1456; x_wconf 88' lang='lat' dir='ltr'><strong>unde</strong></span> <span class='ocrx_word' id='word_1_230' title='bbox 1909 1431 2039 1468; x_wconf 87' lang='lat' dir='ltr'><strong>supra</strong></span> <span class='ocrx_word' id='word_1_231' title='bbox 2078 1417 2306 1472; x_wconf 86' lang='lat' dir='ltr'><strong>digressus</strong></span> <span class='ocrx_word' id='word_1_232' title='bbox 2346 1420 2453 1466; x_wconf 85' lang='lat' dir='ltr'><strong>erat,</strong></span> 
     </span>
     <span class='ocr_line' id='line_1_22' title="bbox 227 1481 2447 1539; baseline -0.002 -13"><span class='ocrx_word' id='word_1_233' title='bbox 227 1495 275 1526; x_wconf 82' lang='lat' dir='ltr'><strong>ut</strong></span> <span class='ocrx_word' id='word_1_234' title='bbox 299 1485 426 1539; x_wconf 80' lang='lat' dir='ltr'><strong>quasi</strong></span> <span class='ocrx_word' id='word_1_235' title='bbox 443 1481 704 1531; x_wconf 83' lang='lat' dir='ltr'><strong>arbitretur,</strong></span> <span class='ocrx_word' id='word_1_236' title='bbox 734 1482 1149 1532; x_wconf 87' lang='lat' dir='ltr'><strong>‚‚praeteritum,</strong></span> <span class='ocrx_word' id='word_1_237' title='bbox 1179 1491 1429 1522; x_wconf 85' lang='lat' dir='ltr'><strong>exactum</strong></span> <span class='ocrx_word' id='word_1_238' title='bbox 1459 1484 1621 1522; x_wconf 84' lang='lat' dir='ltr'><strong>esse“</strong></span> <span class='ocrx_word' id='word_1_239' title='bbox 1657 1482 1771 1522; x_wconf 89' lang='lat' dir='ltr'><strong>idem</strong></span> <span class='ocrx_word' id='word_1_240' title='bbox 1804 1481 2060 1537; x_wconf 84' lang='lat' dir='ltr'><strong>significare</strong></span> <span class='ocrx_word' id='word_1_241' title='bbox 2089 1496 2139 1523; x_wconf 90' lang='lat' dir='ltr'><strong>ac</strong></span> <span class='ocrx_word' id='word_1_242' title='bbox 2169 1482 2447 1534; x_wconf 73' lang='lat' dir='ltr'><strong>„fruitam</strong></span> 
     </span>
     <span class='ocr_line' id='line_1_23' title="bbox 229 1546 2451 1604; baseline -0.003 -10"><span class='ocrx_word' id='word_1_243' title='bbox 229 1553 417 1601; x_wconf 81' lang='lat' dir='ltr'><strong>esse‚“</strong></span> <span class='ocrx_word' id='word_1_244' title='bbox 448 1551 552 1604; x_wconf 88' lang='lat' dir='ltr'><strong>quia</strong></span> <span class='ocrx_word' id='word_1_245' title='bbox 580 1549 621 1589; x_wconf 90' lang='lat' dir='ltr'><strong>si</strong></span> <span class='ocrx_word' id='word_1_246' title='bbox 652 1548 750 1603; x_wconf 85' lang='lat' dir='ltr'><strong>quis</strong></span> <span class='ocrx_word' id='word_1_247' title='bbox 781 1548 951 1589; x_wconf 86' lang='lat' dir='ltr'><strong>dicatur</strong></span> <span class='ocrx_word' id='word_1_248' title='bbox 981 1546 1127 1599; x_wconf 81' lang='lat' dir='ltr'><strong>aliqua</strong></span> <span class='ocrx_word' id='word_1_249' title='bbox 1158 1562 1204 1589; x_wconf 89' lang='lat' dir='ltr'><strong>re</strong></span> <span class='ocrx_word' id='word_1_250' title='bbox 1246 1547 1406 1589; x_wconf 88' lang='lat' dir='ltr'><strong>fruitus</strong></span> <span class='ocrx_word' id='word_1_251' title='bbox 1449 1562 1598 1598; x_wconf 88' lang='lat' dir='ltr'><strong>esse,</strong></span> <span class='ocrx_word' id='word_1_252' title='bbox 1644 1548 1687 1589; x_wconf 91' lang='lat' dir='ltr'><strong>id</strong></span> <span class='ocrx_word' id='word_1_253' title='bbox 1728 1550 1873 1602; x_wconf 90' lang='lat' dir='ltr'><strong>ipsum</strong></span> <span class='ocrx_word' id='word_1_254' title='bbox 1911 1549 1996 1589; x_wconf 85' lang='lat' dir='ltr'><strong>frui</strong></span> <span class='ocrx_word' id='word_1_255' title='bbox 2031 1550 2121 1601; x_wconf 86' lang='lat' dir='ltr'><strong>jam</strong></span> <span class='ocrx_word' id='word_1_256' title='bbox 2162 1557 2209 1589; x_wconf 88' lang='lat' dir='ltr'><strong>ut</strong></span> <span class='ocrx_word' id='word_1_257' title='bbox 2249 1557 2451 1589; x_wconf 80' lang='lat' dir='ltr'><strong>exactum</strong></span> 
     </span>
     <span class='ocr_line' id='line_1_24' title="bbox 228 1612 2451 1670; baseline -0.001 -12"><span class='ocrx_word' id='word_1_258' title='bbox 228 1631 280 1658; x_wconf 85' lang='lat' dir='ltr'><strong>ac</strong></span> <span class='ocrx_word' id='word_1_259' title='bbox 324 1616 611 1670; x_wconf 87' lang='lat' dir='ltr'><strong>praeteritum</strong></span> <span class='ocrx_word' id='word_1_260' title='bbox 657 1614 929 1667; x_wconf 79' lang='lat' dir='ltr'><strong>designetur.</strong></span> <span class='ocrx_word' id='word_1_261' title='bbox 1005 1613 1089 1654; x_wconf 80' lang='lat' dir='ltr'><strong>Sed</strong></span> <span class='ocrx_word' id='word_1_262' title='bbox 1148 1614 1187 1654; x_wconf 89' lang='lat' dir='ltr'><strong>si</strong></span> <span class='ocrx_word' id='word_1_263' title='bbox 1241 1613 1460 1655; x_wconf 87' lang='lat' dir='ltr'><strong>voluisset</strong></span> <span class='ocrx_word' id='word_1_264' title='bbox 1510 1612 1876 1668; x_wconf 84' lang='lat' dir='ltr'><strong>philosophorum</strong></span> <span class='ocrx_word' id='word_1_265' title='bbox 1934 1613 2239 1655; x_wconf 86' lang='lat' dir='ltr'><strong>conclusiones</strong></span> <span class='ocrx_word' id='word_1_266' title='bbox 2293 1614 2451 1665; x_wconf 82' lang='lat' dir='ltr'><strong>facere,</strong></span> 
     </span>
     <span class='ocr_line' id='line_1_25' title="bbox 227 1678 2451 1733; baseline -0.001 -9"><span class='ocrx_word' id='word_1_267' title='bbox 227 1682 457 1724; x_wconf 87' lang='lat' dir='ltr'><strong>dicendum</strong></span> <span class='ocrx_word' id='word_1_268' title='bbox 489 1681 673 1720; x_wconf 83' lang='lat' dir='ltr'><strong>fuisset:</strong></span> <span class='ocrx_word' id='word_1_269' title='bbox 724 1681 926 1733; x_wconf 88' lang='lat' dir='ltr'><strong>quoniam</strong></span> <span class='ocrx_word' id='word_1_270' title='bbox 968 1693 1121 1729; x_wconf 86' lang='lat' dir='ltr'><strong>omne,</strong></span> <span class='ocrx_word' id='word_1_271' title='bbox 1159 1679 1271 1729; x_wconf 89' lang='lat' dir='ltr'><strong>quod</strong></span> <span class='ocrx_word' id='word_1_272' title='bbox 1311 1680 1418 1719; x_wconf 90' lang='lat' dir='ltr'><strong>fuit</strong></span> <span class='ocrx_word' id='word_1_273' title='bbox 1454 1679 1657 1733; x_wconf 86' lang='lat' dir='ltr'><strong>quidem,</strong></span> <span class='ocrx_word' id='word_1_274' title='bbox 1697 1679 1772 1719; x_wconf 88' lang='lat' dir='ltr'><strong>sed</strong></span> <span class='ocrx_word' id='word_1_275' title='bbox 1818 1693 1917 1719; x_wconf 91' lang='lat' dir='ltr'><strong>non</strong></span> <span class='ocrx_word' id='word_1_276' title='bbox 1966 1678 2200 1729; x_wconf 80' lang='lat' dir='ltr'><strong>amplius</strong></span> <span class='ocrx_word' id='word_1_277' title='bbox 2242 1688 2348 1729; x_wconf 86' lang='lat' dir='ltr'><strong>est,</strong></span> <span class='ocrx_word' id='word_1_278' title='bbox 2399 1680 2451 1721; x_wconf 84' lang='lat' dir='ltr'><strong>ad</strong></span> 
     </span>
     <span class='ocr_line' id='line_1_26' title="bbox 226 1744 2454 1799; baseline -0.002 -10"><span class='ocrx_word' id='word_1_279' title='bbox 226 1762 301 1791; x_wconf 75' lang='lat' dir='ltr'><strong>res</strong></span> <span class='ocrx_word' id='word_1_280' title='bbox 330 1746 673 1799; x_wconf 84' lang='lat' dir='ltr'><strong>praeteritas</strong></span> <span class='ocrx_word' id='word_1_281' title='bbox 704 1746 915 1796; x_wconf 86' lang='lat' dir='ltr'><strong>pertinet,</strong></span> <span class='ocrx_word' id='word_1_282' title='bbox 945 1745 1198 1786; x_wconf 83' lang='lat' dir='ltr'><strong>necessario</strong></span> <span class='ocrx_word' id='word_1_283' title='bbox 1220 1746 1411 1785; x_wconf 91' lang='lat' dir='ltr'><strong>omnium</strong></span> <span class='ocrx_word' id='word_1_284' title='bbox 1445 1744 1676 1785; x_wconf 87' lang='lat' dir='ltr'><strong>verborum</strong></span> <span class='ocrx_word' id='word_1_285' title='bbox 1707 1745 2010 1799; x_wconf 85' lang='lat' dir='ltr'><strong>singularibus</strong></span> <span class='ocrx_word' id='word_1_286' title='bbox 2042 1745 2454 1799; x_wconf 82' lang='lat' dir='ltr'><strong>significationibus,</strong></span> 
     </span>
     <span class='ocr_line' id='line_1_27' title="bbox 223 1809 2454 1869; baseline -0 -16"><span class='ocrx_word' id='word_1_287' title='bbox 223 1813 398 1869; x_wconf 73' lang='lat' dir='ltr'><strong>quando</strong></span> <span class='ocrx_word' id='word_1_288' title='bbox 428 1811 593 1852; x_wconf 88' lang='lat' dir='ltr'><strong>formae</strong></span> <span class='ocrx_word' id='word_1_289' title='bbox 624 1819 894 1864; x_wconf 83' lang='lat' dir='ltr'><strong>usurpantur</strong></span> <span class='ocrx_word' id='word_1_290' title='bbox 922 1811 1131 1863; x_wconf 80' lang='lat' dir='ltr'><strong>temporis</strong></span> <span class='ocrx_word' id='word_1_291' title='bbox 1164 1811 1413 1864; x_wconf 84' lang='lat' dir='ltr'><strong>praeteriti,</strong></span> <span class='ocrx_word' id='word_1_292' title='bbox 1442 1818 1546 1850; x_wconf 85' lang='lat' dir='ltr'><strong>nota</strong></span> <span class='ocrx_word' id='word_1_293' title='bbox 1575 1810 1751 1850; x_wconf 83' lang='lat' dir='ltr'><strong>additur</strong></span> <span class='ocrx_word' id='word_1_294' title='bbox 1781 1809 2000 1863; x_wconf 82' lang='lat' dir='ltr'><strong>elapsae</strong></span> <span class='ocrx_word' id='word_1_295' title='bbox 2031 1810 2224 1864; x_wconf 88' lang='lat' dir='ltr'><strong>ejusdem</strong></span> <span class='ocrx_word' id='word_1_296' title='bbox 2253 1810 2321 1852; x_wconf 88' lang='lat' dir='ltr'><strong>vel</strong></span> <span class='ocrx_word' id='word_1_297' title='bbox 2355 1824 2454 1852; x_wconf 87' lang='lat' dir='ltr'><strong>con·</strong></span> 
     </span>
     <span class='ocr_line' id='line_1_28' title="bbox 228 1875 2455 1931; baseline -0.001 -11"><span class='ocrx_word' id='word_1_298' title='bbox 228 1879 410 1921; x_wconf 82' lang='lat' dir='ltr'><strong>ditionis</strong></span> <span class='ocrx_word' id='word_1_299' title='bbox 441 1886 484 1918; x_wconf 79' lang='lat' dir='ltr'><strong>et</strong></span> <span class='ocrx_word' id='word_1_300' title='bbox 515 1878 672 1924; x_wconf 75' lang='lat' dir='ltr'><strong>sortis,</strong></span> <span class='ocrx_word' id='word_1_301' title='bbox 703 1875 774 1916; x_wconf 90' lang='lat' dir='ltr'><strong>vel</strong></span> <span class='ocrx_word' id='word_1_302' title='bbox 808 1877 870 1915; x_wconf 90' lang='lat' dir='ltr'><strong>rei</strong></span> <span class='ocrx_word' id='word_1_303' title='bbox 903 1885 1079 1929; x_wconf 73' lang='lat' dir='ltr'><strong>gestae,</strong></span> <span class='ocrx_word' id='word_1_304' title='bbox 1111 1878 1408 1928; x_wconf 86' lang='lat' dir='ltr'><strong>cujuscunque</strong></span> <span class='ocrx_word' id='word_1_305' title='bbox 1439 1878 1616 1930; x_wconf 85' lang='lat' dir='ltr'><strong>generis</strong></span> <span class='ocrx_word' id='word_1_306' title='bbox 1658 1889 1744 1915; x_wconf 89' lang='lat' dir='ltr'><strong>rem</strong></span> <span class='ocrx_word' id='word_1_307' title='bbox 1790 1876 1859 1916; x_wconf 89' lang='lat' dir='ltr'><strong>vel</strong></span> <span class='ocrx_word' id='word_1_308' title='bbox 1902 1885 2063 1916; x_wconf 87' lang='lat' dir='ltr'><strong>sortem</strong></span> <span class='ocrx_word' id='word_1_309' title='bbox 2102 1875 2278 1916; x_wconf 85' lang='lat' dir='ltr'><strong>verbnm</strong></span> <span class='ocrx_word' id='word_1_310' title='bbox 2318 1878 2455 1931; x_wconf 86' lang='lat' dir='ltr'><strong>signi·</strong></span> 
     </span>
     <span class='ocr_line' id='line_1_29' title="bbox 226 1939 2452 1997; baseline -0.002 -11"><span class='ocrx_word' id='word_1_311' title='bbox 226 1943 352 1989; x_wconf 82' lang='lat' dir='ltr'><strong>ficet;</strong></span> <span class='ocrx_word' id='word_1_312' title='bbox 394 1955 503 1997; x_wconf 86' lang='lat' dir='ltr'><strong>ergo</strong></span> <span class='ocrx_word' id='word_1_313' title='bbox 552 1940 786 1995; x_wconf 80' lang='lat' dir='ltr'><strong>Temporis</strong></span> <span class='ocrx_word' id='word_1_314' title='bbox 832 1939 1065 1981; x_wconf 83' lang='lat' dir='ltr'><strong>Praeteriti</strong></span> <span class='ocrx_word' id='word_1_315' title='bbox 1112 1940 1266 1981; x_wconf 81' lang='lat' dir='ltr'><strong>formis</strong></span> <span class='ocrx_word' id='word_1_316' title='bbox 1311 1939 1390 1980; x_wconf 88' lang='lat' dir='ltr'><strong>t-ibi</strong></span> <span class='ocrx_word' id='word_1_317' title='bbox 1436 1942 1479 1981; x_wconf 91' lang='lat' dir='ltr'><strong>in</strong></span> <span class='ocrx_word' id='word_1_318' title='bbox 1518 1941 1768 1981; x_wconf 79' lang='lat' dir='ltr'><strong>memoriam</strong></span> <span class='ocrx_word' id='word_1_319' title='bbox 1809 1942 2032 1991; x_wconf 78' lang='lat' dir='ltr'><strong>revocari,</strong></span> <span class='ocrx_word' id='word_1_320' title='bbox 2080 1946 2157 1981; x_wconf 82' lang='lat' dir='ltr'><strong>ant</strong></span> <span class='ocrx_word' id='word_1_321' title='bbox 2199 1950 2242 1981; x_wconf 90' lang='lat' dir='ltr'><strong>te</strong></span> <span class='ocrx_word' id='word_1_322' title='bbox 2286 1940 2452 1996; x_wconf 85' lang='lat' dir='ltr'><strong>aliquid</strong></span> 
     </span>
     <span class='ocr_line' id='line_1_30' title="bbox 229 2005 2454 2063; baseline 0 -13"><span class='ocrx_word' id='word_1_323' title='bbox 229 2009 459 2059; x_wconf 83' lang='lat' dir='ltr'><strong>fecisse,</strong></span> <span class='ocrx_word' id='word_1_324' title='bbox 489 2015 563 2047; x_wconf 90' lang='lat' dir='ltr'><strong>aut</strong></span> <span class='ocrx_word' id='word_1_325' title='bbox 584 2005 750 2057; x_wconf 85' lang='lat' dir='ltr'><strong>aliquid</strong></span> <span class='ocrx_word' id='word_1_326' title='bbox 775 2019 992 2059; x_wconf 89' lang='lat' dir='ltr'><strong>passum</strong></span> <span class='ocrx_word' id='word_1_327' title='bbox 1024 2005 1094 2045; x_wconf 91' lang='lat' dir='ltr'><strong>vel</strong></span> <span class='ocrx_word' id='word_1_328' title='bbox 1121 2013 1351 2056; x_wconf 86' lang='lat' dir='ltr'><strong>expertum</strong></span> <span class='ocrx_word' id='word_1_329' title='bbox 1376 2019 1501 2058; x_wconf 85' lang='lat' dir='ltr'><strong>esse,</strong></span> <span class='ocrx_word' id='word_1_330' title='bbox 1531 2007 1644 2063; x_wconf 87' lang='lat' dir='ltr'><strong>quod</strong></span> <span class='ocrx_word' id='word_1_331' title='bbox 1669 2014 1901 2063; x_wconf 83' lang='lat' dir='ltr'><strong>utrumque</strong></span> <span class='ocrx_word' id='word_1_332' title='bbox 1932 2005 2123 2062; x_wconf 88' lang='lat' dir='ltr'><strong>duplicis</strong></span> <span class='ocrx_word' id='word_1_333' title='bbox 2146 2008 2322 2062; x_wconf 80' lang='lat' dir='ltr'><strong>generis</strong></span> <span class='ocrx_word' id='word_1_334' title='bbox 2355 2021 2454 2051; x_wconf 89' lang='lat' dir='ltr'><strong>esse</strong></span> 
     </span>
     <span class='ocr_line' id='line_1_31' title="bbox 227 2071 2454 2131; baseline 0 -15"><span class='ocrx_word' id='word_1_335' title='bbox 227 2076 414 2131; x_wconf 80' lang='lat' dir='ltr'><strong>poterit,</strong></span> <span class='ocrx_word' id='word_1_336' title='bbox 460 2074 663 2114; x_wconf 85' lang='lat' dir='ltr'><strong>nimirum</strong></span> <span class='ocrx_word' id='word_1_337' title='bbox 700 2081 776 2113; x_wconf 88' lang='lat' dir='ltr'><strong>aut</strong></span> <span class='ocrx_word' id='word_1_338' title='bbox 813 2071 945 2112; x_wconf 82' lang='lat' dir='ltr'><strong>bene</strong></span> <span class='ocrx_word' id='word_1_339' title='bbox 985 2080 1059 2112; x_wconf 91' lang='lat' dir='ltr'><strong>aut</strong></span> <span class='ocrx_word' id='word_1_340' title='bbox 1097 2071 1233 2112; x_wconf 84' lang='lat' dir='ltr'><strong>male</strong></span> <span class='ocrx_word' id='word_1_341' title='bbox 1283 2082 1326 2111; x_wconf 87' lang='lat' dir='ltr'><strong>te</strong></span> <span class='ocrx_word' id='word_1_342' title='bbox 1369 2074 1541 2126; x_wconf 84' lang='lat' dir='ltr'><strong>egisse,</strong></span> <span class='ocrx_word' id='word_1_343' title='bbox 1588 2081 1628 2112; x_wconf 87' lang='lat' dir='ltr'><strong>et</strong></span> <span class='ocrx_word' id='word_1_344' title='bbox 1667 2080 1740 2111; x_wconf 83' lang='lat' dir='ltr'><strong>ant</strong></span> <span class='ocrx_word' id='word_1_345' title='bbox 1772 2073 2006 2126; x_wconf 77' lang='lat' dir='ltr'><strong>jnciindi</strong></span> <span class='ocrx_word' id='word_1_346' title='bbox 2058 2081 2133 2112; x_wconf 87' lang='lat' dir='ltr'><strong>aut</strong></span> <span class='ocrx_word' id='word_1_347' title='bbox 2178 2074 2454 2127; x_wconf 82' lang='lat' dir='ltr'><strong>injucundi</strong></span> 
     </span>
     <span class='ocr_line' id='line_1_32' title="bbox 225 2136 2457 2198; baseline -0 -16"><span class='ocrx_word' id='word_1_348' title='bbox 225 2140 335 2198; x_wconf 84' lang='lat' dir='ltr'><strong>quid</strong></span> <span class='ocrx_word' id='word_1_349' title='bbox 366 2148 409 2181; x_wconf 88' lang='lat' dir='ltr'><strong>te</strong></span> <span class='ocrx_word' id='word_1_350' title='bbox 439 2151 618 2195; x_wconf 84' lang='lat' dir='ltr'><strong>passum</strong></span> <span class='ocrx_word' id='word_1_351' title='bbox 651 2136 720 2180; x_wconf 68' lang='lat' dir='ltr'><strong>vel</strong></span> <span class='ocrx_word' id='word_1_352' title='bbox 749 2146 984 2190; x_wconf 84' lang='lat' dir='ltr'><strong>expertum</strong></span> <span class='ocrx_word' id='word_1_353' title='bbox 1022 2152 1143 2189; x_wconf 67' lang='lat' dir='ltr'><strong>esse,</strong></span> <span class='ocrx_word' id='word_1_354' title='bbox 1185 2138 1214 2179; x_wconf 90' lang='lat' dir='ltr'><strong>i.</strong></span> <span class='ocrx_word' id='word_1_355' title='bbox 1247 2152 1285 2179; x_wconf 90' lang='lat' dir='ltr'><strong>e.</strong></span> <span class='ocrx_word' id='word_1_356' title='bbox 1329 2137 1509 2180; x_wconf 79' lang='lat' dir='ltr'><strong>fruitam</strong></span> <span class='ocrx_word' id='word_1_357' title='bbox 1549 2138 1617 2180; x_wconf 88' lang='lat' dir='ltr'><strong>vel</strong></span> <span class='ocrx_word' id='word_1_358' title='bbox 1651 2139 1862 2180; x_wconf 80' lang='lat' dir='ltr'><strong>afflictum</strong></span> <span class='ocrx_word' id='word_1_359' title='bbox 1910 2154 2024 2179; x_wconf 89' lang='lat' dir='ltr'><strong>esse.</strong></span> <span class='ocrx_word' id='word_1_360' title='bbox 2085 2139 2157 2179; x_wconf 80' lang='lat' dir='ltr'><strong>Sic</strong></span> <span class='ocrx_word' id='word_1_361' title='bbox 2188 2150 2303 2180; x_wconf 82' lang='lat' dir='ltr'><strong>certe</strong></span> <span class='ocrx_word' id='word_1_362' title='bbox 2334 2143 2457 2193; x_wconf 82' lang='lat' dir='ltr'><strong>justa</strong></span> 
     </span>
     <span class='ocr_line' id='line_1_33' title="bbox 231 2202 2456 2261; baseline 0.001 -14"><span class='ocrx_word' id='word_1_363' title='bbox 231 2214 356 2255; x_wconf 78' lang='lat' dir='ltr'><strong>lance</strong></span> <span class='ocrx_word' id='word_1_364' title='bbox 385 2219 510 2246; x_wconf 82' lang='lat' dir='ltr'><strong>omae</strong></span> <span class='ocrx_word' id='word_1_365' title='bbox 549 2217 688 2259; x_wconf 79' lang='lat' dir='ltr'><strong>genus</strong></span> <span class='ocrx_word' id='word_1_366' title='bbox 730 2206 1060 2259; x_wconf 75' lang='lat' dir='ltr'><strong>praeteritarum</strong></span> <span class='ocrx_word' id='word_1_367' title='bbox 1102 2217 1242 2244; x_wconf 88' lang='lat' dir='ltr'><strong>rernm</strong></span> <span class='ocrx_word' id='word_1_368' title='bbox 1283 2205 1546 2258; x_wconf 82' lang='lat' dir='ltr'><strong>pensitatum</strong></span> <span class='ocrx_word' id='word_1_369' title='bbox 1578 2215 1710 2246; x_wconf 87' lang='lat' dir='ltr'><strong>esset.</strong></span> <span class='ocrx_word' id='word_1_370' title='bbox 1772 2204 1857 2246; x_wconf 87' lang='lat' dir='ltr'><strong>Sed</strong></span> <span class='ocrx_word' id='word_1_371' title='bbox 1898 2203 2001 2260; x_wconf 89' lang='lat' dir='ltr'><strong>quid</strong></span> <span class='ocrx_word' id='word_1_372' title='bbox 2040 2218 2096 2246; x_wconf 84' lang='lat' dir='ltr'><strong>ex</strong></span> <span class='ocrx_word' id='word_1_373' title='bbox 2140 2202 2210 2246; x_wconf 76' lang='lat' dir='ltr'><strong>his</strong></span> <span class='ocrx_word' id='word_1_374' title='bbox 2239 2206 2456 2261; x_wconf 77' lang='lat' dir='ltr'><strong>interpres</strong></span> 
     </span>
     <span class='ocr_line' id='line_1_34' title="bbox 232 2270 2458 2326; baseline 0.001 -13"><span class='ocrx_word' id='word_1_375' title='bbox 232 2271 415 2313; x_wconf 88' lang='lat' dir='ltr'><strong>arbitrio</strong></span> <span class='ocrx_word' id='word_1_376' title='bbox 459 2285 539 2311; x_wconf 89' lang='lat' dir='ltr'><strong>suo</strong></span> <span class='ocrx_word' id='word_1_377' title='bbox 579 2270 816 2311; x_wconf 87' lang='lat' dir='ltr'><strong>obsecutus</strong></span> <span class='ocrx_word' id='word_1_378' title='bbox 848 2270 1015 2324; x_wconf 62' lang='lat' dir='ltr'><strong>elegit?</strong></span> <span class='ocrx_word' id='word_1_379' title='bbox 1069 2270 1216 2309; x_wconf 82' lang='lat' dir='ltr'><strong>Solam</strong></span> <span class='ocrx_word' id='word_1_380' title='bbox 1255 2273 1505 2309; x_wconf 85' lang='lat' dir='ltr'><strong>memoriam</strong></span> <span class='ocrx_word' id='word_1_381' title='bbox 1548 2281 1589 2310; x_wconf 89' lang='lat' dir='ltr'><strong>et</strong></span> <span class='ocrx_word' id='word_1_382' title='bbox 1637 2286 1778 2311; x_wconf 86' lang='lat' dir='ltr'><strong>rerum</strong></span> <span class='ocrx_word' id='word_1_383' title='bbox 1815 2270 2104 2326; x_wconf 86' lang='lat' dir='ltr'><strong>jucundarum</strong></span> <span class='ocrx_word' id='word_1_384' title='bbox 2157 2279 2199 2311; x_wconf 86' lang='lat' dir='ltr'><strong>et</strong></span> <span class='ocrx_word' id='word_1_385' title='bbox 2248 2271 2458 2314; x_wconf 75' lang='lat' dir='ltr'><strong>factorum</strong></span> 
     </span>
     <span class='ocr_line' id='line_1_35' title="bbox 228 2334 2461 2390; baseline -0 -9"><span class='ocrx_word' id='word_1_386' title='bbox 228 2335 461 2381; x_wconf 80' lang='lat' dir='ltr'><strong>malorum.</strong></span> <span class='ocrx_word' id='word_1_387' title='bbox 507 2334 617 2377; x_wconf 83' lang='lat' dir='ltr'><strong>Nam</strong></span> <span class='ocrx_word' id='word_1_388' title='bbox 649 2336 779 2378; x_wconf 87' lang='lat' dir='ltr'><strong>dicit:</strong></span> <span class='ocrx_word' id='word_1_389' title='bbox 817 2335 945 2386; x_wconf 80' lang='lat' dir='ltr'><strong>„aber</strong></span> <span class='ocrx_word' id='word_1_390' title='bbox 975 2334 1081 2377; x_wconf 74' lang='lat' dir='ltr'><strong>auch</strong></span> <span class='ocrx_word' id='word_1_391' title='bbox 1110 2337 1189 2378; x_wconf 76' lang='lat' dir='ltr'><strong>dae</strong></span> <span class='ocrx_word' id='word_1_392' title='bbox 1219 2334 1323 2378; x_wconf 76' lang='lat' dir='ltr'><strong>Be‘ld</strong></span> <span class='ocrx_word' id='word_1_393' title='bbox 1350 2350 1523 2378; x_wconf 65' lang='lat' dir='ltr'><strong>mererer</strong></span> <span class='ocrx_word' id='word_1_394' title='bbox 1545 2336 1702 2379; x_wconf 75' lang='lat' dir='ltr'><em>Schuld</em></span> <span class='ocrx_word' id='word_1_395' title='bbox 1728 2337 1904 2390; x_wconf 66' lang='lat' dir='ltr'><strong>geletcet</strong></span> <span class='ocrx_word' id='word_1_396' title='bbox 1929 2350 2007 2377; x_wconf 75' lang='lat' dir='ltr'><strong>une</strong></span> <span class='ocrx_word' id='word_1_397' title='bbox 2035 2335 2204 2377; x_wconf 58' lang='lat' dir='ltr'><strong>kinfaber</strong></span> <span class='ocrx_word' id='word_1_398' title='bbox 2224 2338 2309 2379; x_wconf 77' lang='lat' dir='ltr'><strong>und</strong></span> <span class='ocrx_word' id='word_1_399' title='bbox 2325 2339 2461 2380; x_wconf 74' lang='lat' dir='ltr'><strong>madet</strong></span> 
     </span>
     <span class='ocr_line' id='line_1_36' title="bbox 228 2400 2456 2456; baseline 0.001 -13"><span class='ocrx_word' id='word_1_400' title='bbox 228 2416 307 2443; x_wconf 72' lang='lat' dir='ltr'><strong>une</strong></span> <span class='ocrx_word' id='word_1_401' title='bbox 334 2403 433 2443; x_wconf 78' lang='lat' dir='ltr'><strong>dart</strong></span> <span class='ocrx_word' id='word_1_402' title='bbox 457 2405 628 2455; x_wconf 68' lang='lat' dir='ltr'><strong>ewigee&#39;</strong></span> <span class='ocrx_word' id='word_1_403' title='bbox 647 2400 818 2441; x_wconf 76' lang='lat' dir='ltr'><strong>Wehe.“</strong></span> <span class='ocrx_word' id='word_1_404' title='bbox 877 2400 975 2448; x_wconf 77' lang='lat' dir='ltr'><strong>Quo</strong></span> <span class='ocrx_word' id='word_1_405' title='bbox 1000 2402 1136 2456; x_wconf 82' lang='lat' dir='ltr'><strong>igitur</strong></span> <span class='ocrx_word' id='word_1_406' title='bbox 1159 2403 1262 2454; x_wconf 81' lang='lat' dir='ltr'><strong>jure</strong></span> <span class='ocrx_word' id='word_1_407' title='bbox 1285 2402 1432 2442; x_wconf 88' lang='lat' dir='ltr'><strong>omisit</strong></span> <span class='ocrx_word' id='word_1_408' title='bbox 1457 2403 1705 2443; x_wconf 84' lang='lat' dir='ltr'><strong>memoriam</strong></span> <span class='ocrx_word' id='word_1_409' title='bbox 1732 2416 1873 2443; x_wconf 82' lang='lat' dir='ltr'><strong>rerum</strong></span> <span class='ocrx_word' id='word_1_410' title='bbox 1898 2401 2004 2443; x_wconf 89' lang='lat' dir='ltr'><strong>olim</strong></span> <span class='ocrx_word' id='word_1_411' title='bbox 2035 2402 2456 2456; x_wconf 78' lang='lat' dir='ltr'><strong>injucundarnm‚</strong></span> 
     </span>
     <span class='ocr_line' id='line_1_37' title="bbox 234 2465 2454 2522; baseline 0.002 -14"><span class='ocrx_word' id='word_1_412' title='bbox 234 2469 364 2522; x_wconf 84' lang='lat' dir='ltr'><strong>(quae</strong></span> <span class='ocrx_word' id='word_1_413' title='bbox 393 2467 599 2507; x_wconf 80' lang='lat' dir='ltr'><strong>laudatur</strong></span> <span class='ocrx_word' id='word_1_414' title='bbox 629 2476 673 2507; x_wconf 89' lang='lat' dir='ltr'><strong>et</strong></span> <span class='ocrx_word' id='word_1_415' title='bbox 703 2480 834 2506; x_wconf 84' lang='lat' dir='ltr'><strong>versu</strong></span> <span class='ocrx_word' id='word_1_416' title='bbox 868 2465 1034 2520; x_wconf 83' lang='lat' dir='ltr'><strong>Virgil.</strong></span> <span class='ocrx_word' id='word_1_417' title='bbox 1080 2466 1240 2515; x_wconf 88' lang='lat' dir='ltr'><strong>„Olim</strong></span> <span class='ocrx_word' id='word_1_418' title='bbox 1273 2476 1316 2507; x_wconf 88' lang='lat' dir='ltr'><strong>et</strong></span> <span class='ocrx_word' id='word_1_419' title='bbox 1347 2467 1451 2508; x_wconf 81' lang='lat' dir='ltr'><strong>haec</strong></span> <span class='ocrx_word' id='word_1_420' title='bbox 1482 2469 1736 2508; x_wconf 82' lang='lat' dir='ltr'><strong>meminisse</strong></span> <span class='ocrx_word' id='word_1_421' title='bbox 1760 2468 1987 2520; x_wconf 81' lang='lat' dir='ltr'><strong>juvabit.“</strong></span> <span class='ocrx_word' id='word_1_422' title='bbox 2018 2476 2060 2507; x_wconf 92' lang='lat' dir='ltr'><strong>et</strong></span> <span class='ocrx_word' id='word_1_423' title='bbox 2090 2467 2319 2518; x_wconf 86' lang='lat' dir='ltr'><strong>proverbio</strong></span> <span class='ocrx_word' id='word_1_424' title='bbox 2351 2468 2454 2512; x_wconf 87' lang='lat' dir='ltr'><strong>illo:</strong></span> 
     </span>
     <span class='ocr_line' id='line_1_38' title="bbox 235 2530 2458 2588; baseline 0.001 -13"><span class='ocrx_word' id='word_1_425' title='bbox 235 2532 370 2586; x_wconf 83' lang='lat' dir='ltr'><strong>„Acti</strong></span> <span class='ocrx_word' id='word_1_426' title='bbox 400 2530 573 2573; x_wconf 81' lang='lat' dir='ltr'><strong>labores</strong></span> <span class='ocrx_word' id='word_1_427' title='bbox 598 2531 852 2586; x_wconf 88' lang='lat' dir='ltr'><strong>jucundi.“)</strong></span> <span class='ocrx_word' id='word_1_428' title='bbox 891 2540 935 2571; x_wconf 88' lang='lat' dir='ltr'><strong>et</strong></span> <span class='ocrx_word' id='word_1_429' title='bbox 972 2533 1221 2573; x_wconf 83' lang='lat' dir='ltr'><strong>memoriam</strong></span> <span class='ocrx_word' id='word_1_430' title='bbox 1263 2538 1410 2573; x_wconf 87' lang='lat' dir='ltr'><strong>recte</strong></span> <span class='ocrx_word' id='word_1_431' title='bbox 1448 2534 1725 2574; x_wconf 83' lang='lat' dir='ltr'><strong>factorum</strong></span> <span class='ocrx_word' id='word_1_432' title='bbox 1758 2536 1855 2575; x_wconf 77' lang='lat' dir='ltr'><strong>sive</strong></span> <span class='ocrx_word' id='word_1_433' title='bbox 1886 2546 2028 2574; x_wconf 90' lang='lat' dir='ltr'><strong>rerum</strong></span> <span class='ocrx_word' id='word_1_434' title='bbox 2059 2530 2169 2573; x_wconf 89' lang='lat' dir='ltr'><strong>bene</strong></span> <span class='ocrx_word' id='word_1_435' title='bbox 2207 2536 2458 2588; x_wconf 59' lang='lat' dir='ltr'><strong>gestarum?</strong></span> 
     </span>
     <span class='ocr_line' id='line_1_39' title="bbox 236 2597 1561 2650; baseline 0 -10"><span class='ocrx_word' id='word_1_436' title='bbox 236 2598 353 2641; x_wconf 73' lang='lat' dir='ltr'><strong>Nun</strong></span> <span class='ocrx_word' id='word_1_437' title='bbox 384 2599 499 2638; x_wconf 88' lang='lat' dir='ltr'><strong>enim</strong></span> <span class='ocrx_word' id='word_1_438' title='bbox 530 2599 798 2638; x_wconf 87' lang='lat' dir='ltr'><strong>conscientia</strong></span> <span class='ocrx_word' id='word_1_439' title='bbox 830 2598 937 2638; x_wconf 83' lang='lat' dir='ltr'><strong>recti</strong></span> <span class='ocrx_word' id='word_1_440' title='bbox 969 2598 1112 2637; x_wconf 85' lang='lat' dir='ltr'><strong>minus</strong></span> <span class='ocrx_word' id='word_1_441' title='bbox 1143 2597 1360 2639; x_wconf 86' lang='lat' dir='ltr'><strong>consolari</strong></span> <span class='ocrx_word' id='word_1_442' title='bbox 1393 2598 1561 2650; x_wconf 68' lang='lat' dir='ltr'><strong>potest?</strong></span> 
     </span>
    </p>

    <p class='ocr_par' dir='ltr' id='par_1_4' title="bbox 238 2663 2475 2914">
     <span class='ocr_line' id='line_1_40' title="bbox 349 2663 2464 2719; baseline 0.002 -15"><span class='ocrx_word' id='word_1_443' title='bbox 349 2663 435 2704; x_wconf 88' lang='lat' dir='ltr'><strong>Sed</strong></span> <span class='ocrx_word' id='word_1_444' title='bbox 464 2663 776 2703; x_wconf 84' lang='lat' dir='ltr'><strong>transeundum</strong></span> <span class='ocrx_word' id='word_1_445' title='bbox 809 2672 875 2703; x_wconf 87' lang='lat' dir='ltr'><strong>est</strong></span> <span class='ocrx_word' id='word_1_446' title='bbox 916 2663 970 2704; x_wconf 89' lang='lat' dir='ltr'><strong>ad</strong></span> <span class='ocrx_word' id='word_1_447' title='bbox 1003 2677 1099 2702; x_wconf 89' lang='lat' dir='ltr'><strong>eum</strong></span> <span class='ocrx_word' id='word_1_448' title='bbox 1130 2663 1301 2714; x_wconf 86' lang='lat' dir='ltr'><strong>locam,</strong></span> <span class='ocrx_word' id='word_1_449' title='bbox 1341 2663 1414 2703; x_wconf 87' lang='lat' dir='ltr'><strong>ubi</strong></span> <span class='ocrx_word' id='word_1_450' title='bbox 1457 2666 1500 2704; x_wconf 91' lang='lat' dir='ltr'><strong>in</strong></span> <span class='ocrx_word' id='word_1_451' title='bbox 1543 2664 1846 2719; x_wconf 79' lang='lat' dir='ltr'><strong>explicatione</strong></span> <span class='ocrx_word' id='word_1_452' title='bbox 1884 2663 2122 2705; x_wconf 80' lang='lat' dir='ltr'><strong>defendere</strong></span> <span class='ocrx_word' id='word_1_453' title='bbox 2160 2665 2309 2706; x_wconf 87' lang='lat' dir='ltr'><strong>studet</strong></span> <span class='ocrx_word' id='word_1_454' title='bbox 2348 2665 2464 2708; x_wconf 89' lang='lat' dir='ltr'><strong>illud</strong></span> 
     </span>
     <span class='ocr_line' id='line_1_41' title="bbox 239 2727 2473 2784; baseline 0.002 -14"><span class='ocrx_word' id='word_1_455' title='bbox 239 2727 494 2770; x_wconf 80' lang='lat' dir='ltr'><strong>adverbium</strong></span> <span class='ocrx_word' id='word_1_456' title='bbox 525 2736 647 2769; x_wconf 81' lang='lat' dir='ltr'><strong>caste</strong></span> <span class='ocrx_word' id='word_1_457' title='bbox 677 2727 934 2782; x_wconf 58' lang='lat' dir='ltr'><strong>(schuldlog).</strong></span> <span class='ocrx_word' id='word_1_458' title='bbox 996 2727 1060 2769; x_wconf 80' lang='lat' dir='ltr'><strong>lbi</strong></span> <span class='ocrx_word' id='word_1_459' title='bbox 1094 2729 1225 2770; x_wconf 87' lang='lat' dir='ltr'><strong>dicit:</strong></span> <span class='ocrx_word' id='word_1_460' title='bbox 1265 2728 1415 2770; x_wconf 70' lang='lat' dir='ltr'><strong>Nic-hle</strong></span> <span class='ocrx_word' id='word_1_461' title='bbox 1445 2744 1616 2784; x_wconf 73' lang='lat' dir='ltr'><strong>rer-mag</strong></span> <span class='ocrx_word' id='word_1_462' title='bbox 1644 2731 1723 2771; x_wconf 80' lang='lat' dir='ltr'><strong>den</strong></span> <span class='ocrx_word' id='word_1_463' title='bbox 1746 2729 1960 2772; x_wconf 69' lang='lat' dir='ltr'><strong>scktaellen</strong></span> <span class='ocrx_word' id='word_1_464' title='bbox 1982 2728 2100 2781; x_wconf 69' lang='lat' dir='ltr'><strong>Laus</strong></span> <span class='ocrx_word' id='word_1_465' title='bbox 2124 2730 2204 2771; x_wconf 72' lang='lat' dir='ltr'><strong>‹leu-</strong></span> <span class='ocrx_word' id='word_1_466' title='bbox 2224 2729 2359 2773; x_wconf 67' lang='lat' dir='ltr'><strong>Jahn-e</strong></span> <span class='ocrx_word' id='word_1_467' title='bbox 2387 2734 2473 2775; x_wconf 75' lang='lat' dir='ltr'><strong>und</strong></span> 
     </span>
     <span class='ocr_line' id='line_1_42' title="bbox 238 2792 2469 2854; baseline 0.002 -18"><span class='ocrx_word' id='word_1_468' title='bbox 238 2795 320 2844; x_wconf 76' lang='lat' dir='ltr'><strong>deu</strong></span> <span class='ocrx_word' id='word_1_469' title='bbox 354 2793 460 2843; x_wconf 67' lang='lat' dir='ltr'><strong>Tua,</strong></span> <span class='ocrx_word' id='word_1_470' title='bbox 488 2794 565 2835; x_wconf 73' lang='lat' dir='ltr'><strong>cler</strong></span> <span class='ocrx_word' id='word_1_471' title='bbox 592 2798 637 2836; x_wconf 72' lang='lat' dir='ltr'><strong>iu</strong></span> <span class='ocrx_word' id='word_1_472' title='bbox 664 2792 793 2835; x_wconf 66' lang='lat' dir='ltr'><strong>chr-em</strong></span> <span class='ocrx_word' id='word_1_473' title='bbox 825 2792 1008 2850; x_wconf 71' lang='lat' dir='ltr'><strong>Gefolge</strong></span> <span class='ocrx_word' id='word_1_474' title='bbox 1036 2793 1302 2850; x_wconf 74' lang='lat' dir='ltr'><strong>noeluoende‘g</strong></span> <span class='ocrx_word' id='word_1_475' title='bbox 1329 2795 1538 2839; x_wconf 63' lang='lat' dir='ltr'><strong>erroneam</strong></span> <span class='ocrx_word' id='word_1_476' title='bbox 1569 2795 1703 2854; x_wconf 87' lang='lat' dir='ltr'><strong>[quod</strong></span> <span class='ocrx_word' id='word_1_477' title='bbox 1732 2811 1860 2839; x_wconf 90' lang='lat' dir='ltr'><strong>nemo</strong></span> <span class='ocrx_word' id='word_1_478' title='bbox 1891 2796 2118 2844; x_wconf 72' lang='lat' dir='ltr'><strong>concedet3</strong></span> <span class='ocrx_word' id='word_1_479' title='bbox 2150 2811 2246 2838; x_wconf 87' lang='lat' dir='ltr'><strong>nam</strong></span> <span class='ocrx_word' id='word_1_480' title='bbox 2269 2799 2309 2839; x_wconf 88' lang='lat' dir='ltr'><strong>si</strong></span> <span class='ocrx_word' id='word_1_481' title='bbox 2339 2801 2469 2842; x_wconf 81' lang='lat' dir='ltr'><strong>morti</strong></span> 
     </span>
     <span class='ocr_line' id='line_1_43' title="bbox 240 2860 2475 2914; baseline 0.002 -12"><span class='ocrx_word' id='word_1_482' title='bbox 240 2874 326 2903; x_wconf 81' lang='lat' dir='ltr'><strong>nen</strong></span> <span class='ocrx_word' id='word_1_483' title='bbox 371 2860 556 2902; x_wconf 84' lang='lat' dir='ltr'><strong>obnoxii</strong></span> <span class='ocrx_word' id='word_1_484' title='bbox 602 2874 823 2912; x_wconf 87' lang='lat' dir='ltr'><strong>essemus,</strong></span> <span class='ocrx_word' id='word_1_485' title='bbox 874 2863 976 2902; x_wconf 84' lang='lat' dir='ltr'><strong>anni</strong></span> <span class='ocrx_word' id='word_1_486' title='bbox 1026 2861 1235 2903; x_wconf 86' lang='lat' dir='ltr'><strong>celeriter</strong></span> <span class='ocrx_word' id='word_1_487' title='bbox 1281 2861 1480 2903; x_wconf 86' lang='lat' dir='ltr'><strong>labentes</strong></span> <span class='ocrx_word' id='word_1_488' title='bbox 1523 2876 1599 2914; x_wconf 90' lang='lat' dir='ltr'><strong>per</strong></span> <span class='ocrx_word' id='word_1_489' title='bbox 1640 2877 1690 2904; x_wconf 87' lang='lat' dir='ltr'><strong>se</strong></span> <span class='ocrx_word' id='word_1_490' title='bbox 1728 2873 1911 2905; x_wconf 87' lang='lat' dir='ltr'><strong>mortem</strong></span> <span class='ocrx_word' id='word_1_491' title='bbox 1951 2860 2079 2903; x_wconf 84' lang='lat' dir='ltr'><strong>nobis</strong></span> <span class='ocrx_word' id='word_1_492' title='bbox 2115 2874 2201 2903; x_wconf 86' lang='lat' dir='ltr'><strong>non</strong></span> <span class='ocrx_word' id='word_1_493' title='bbox 2243 2864 2475 2912; x_wconf 52' lang='lat' dir='ltr'><strong>alieri-enm</strong></span> 
     </span>
    </p>
   </div>
  </div>
 </body>
</html>
